2709 3576
1363 53 1393 104 5

293 172 518 224 m
531 170 672 212 m
693 167 810 211 ulie
829 172 877 209 et
897 168 1060 209 minine
1081 178 1173 208 uno·
1183 169 1324 211 tenum
1347 171 1513 223 propter
1532 166 1831 207 festinationem
1857 166 2032 220 exponit.
2086 167 2189 207 Cum
2217 166 2323 205 enim
2341 166 2449 206 haud

293 262 389 294 mo
412 248 588 308 undat,
604 249 656 289 ut
677 257 755 287 tuo
774 245 872 286 10οο
886 256 977 287 rem
1000 245 1178 296 emm
1199 256 1325 299 quam
1346 245 1491 285 deesse
1515 245 1761 300 procedente
1788 244 2002 298 scriptione
2030 245 2337 292 animaduertat,
2366 248 2447 283 sta-

293 327 369 371 fin.
388 325 582 382 qmffl
601 324 692 366 loun
703 334 807 365 enm
815 322 1080 377 imponere
1103 334 1186 364 non
1205 321 1372 363 dubitat.
1420 321 1688 363 Luculentum
1716 325 1852 361 autem
1871 321 1987 361 huius
2010 322 2292 374 neglegentiae
2310 334 2449 360 exem-

294 405 406 462 plum
433 401 561 445 oetffa.
582 400 647 443 68
669 401 695 456 ᾖ
716 402 760 452 l,
796 399 1014 456 (Sauppius
1043 400 1149 453 158.)
1183 400 1253 464 ubi
1278 399 1389 442 caeli
1416 402 1461 441 et
1483 398 1645 440 Milonis
1671 400 1907 440 seditionem
1935 412 1979 439 se
2007 400 2250 454 praeterisse
2278 400 2363 453 ipse
2389 400 2447 438 di-

295 472 370 533 eit,
402 483 450 522 ηδ
484 483 576 536 post
610 478 921 535 pmsoeiph‘ones
951 490 1043 519 eam
1075 478 1244 529 referre*
1262 491 1428 519 necesse
1460 490 1553 518 esse
1572 506 1575 510 f
1589 480 1704 532 putet
1717 479 1765 528 ³).
1822 478 1888 517 Ex
1918 478 2061 517 eodem
2087 478 2196 516 fonte
2225 477 2446 525 fluxerunt,

295 570 401 614 quae
434 568 590 598 summo
619 557 708 597 iure
739 555 918 596 Kx-itxius
951 554 1064 599 LXI.
1099 555 1358 610 uituperauit,
1397 556 1578 596 inmanes
1610 555 1798 594 orationis
1827 555 2012 603 ambitus,
2047 558 2099 606 (u.
2124 566 2156 593 c.
2180 555 2227 602 2,
2261 555 2331 593 121
2366 554 2442 606 §2-

297 637 332 690 S.
357 635 413 687 3.)
449 634 593 688 quibus
625 646 707 674 non
729 633 863 673 solnm
888 632 1091 672 sententia
1121 632 1325 686 scriptoris
1349 634 1606 681 obscuratur,
1639 632 1712 671 oed
1750 632 1953 683 elegantia
1983 632 2105 670 etiam
2136 631 2295 670 dicendi
2328 630 2447 669 ualde

296 711 550 753 imminuitur.
606 709 713 751 Nam
748 708 987 762 ubieumfflie
1015 722 1162 762 magno
1188 710 1400 750 uerborum
1428 708 1581 750 ambitu
1616 708 1742 748 oratio
1769 708 1972 758 foedatur,
2012 691 2167 748 certum
2197 714 2276 755 est,
2312 719 2447 746 rerum

297 787 580 831 continuationi
610 787 693 838 tale
729 786 826 840 quid
864 786 1082 842 interponi,
1117 786 1222 840 quod
1250 790 1370 827 antea
1400 787 1522 827 fuerit
1553 786 1753 826 omissum.
1830 787 1895 826 Ita
1921 786 1992 826 Cn.
2020 785 2252 839 Pompeium
2289 790 2447 838 patrem

296 865 491 907 Asculum
524 863 631 906 bello
665 861 801 905 sociali
834 862 989 918 cepisse
1018 865 1175 912 narrat;
1211 863 1264 917 (2,
1286 863 1334 904 21
1366 864 1387 918 ς
1414 865 1463 916 1.)
1528 862 1693 919 Pompei
1722 863 1924 903 exercitus
1953 862 2213 910 describitur,
2253 868 2298 901 ut
2324 872 2445 914 quam

295 941 393 986 belli
419 940 565 996 molem
587 940 740 985 Caesar
765 939 824 996 in
828 939 1040 984 Graeciam
1068 939 1286 983 adueniens
1315 940 1482 984 subierit
1503 940 1741 983 inlustretur
1763 941 1814 994 (2.
1831 942 1878 983 51
1907 941 1929 996 ἓ
1949 942 1962 983 1
1973 942 1999 993 .)
2029 939 2107 982 alia
2135 939 2175 980 id
2203 951 2331 993 genus
2357 938 2445 992 (cfr.

299 1020 338 1070 2,
353 1019 407 1061 28
431 1020 508 1073 52.
528 1020 580 1060 55
609 1019 690 1072 51.
717 1017 943 1071 5852.)⁴).

436 1108 516 1149 Sed
544 1122 625 1148 non
649 1121 851 1160 nunquam
876 1106 1033 1157 accidit,
1059 1109 1105 1147 ut
1130 1121 1180 1147 ne
1206 1121 1370 1148 necesse
1398 1107 1558 1161 quidem
1586 1121 1676 1147 esse
1703 1110 1871 1157 statuat,
1899 1120 1947 1161 ea
1973 1119 2075 1160 quae
2105 1106 2281 1147 omiserit
2307 1110 2447 1160 postea

298 1186 489 1240 proferre.
532 1185 659 1226 Sicuti
687 1184 838 1224 bellum
863 1184 1009 1224 seruile
1037 1185 1213 1225 Siculum
1241 1185 1324 1224 sine
1352 1186 1469 1226 dubio
1496 1185 1535 1234 2,
1569 1186 1614 1225 13
1647 1186 1668 1237 g
1702 1186 1733 1224 1.
1764 1184 2149 1224 commemorandum
2178 1183 2271 1230 fuit;
2304 1182 2445 1235 (Saup-

298 1263 387 1318 pius
410 1264 500 1314 151)
538 1262 681 1302 seditio
717 1265 808 1316 post
832 1261 967 1302 Sullae
1005 1263 1175 1301 mortem
1210 1274 1234 1301 a
1258 1261 1407 1315 Lepido
1437 1262 1544 1302 facta
1574 1274 1625 1301 ne
1654 1262 1777 1301 uerbo
1807 1261 1966 1313 quidem
1995 1261 2212 1313 attingitur.
2272 1260 2365 1306 Qua
2395 1259 2446 1298 de

298 1352 343 1380 re
370 1338 476 1380 infra
498 1339 636 1379 multis
665 1339 762 1379 locis
790 1339 1024 1379 uidebimus.
1091 1334 1094 1339 ’

431 1415 650 1455 Praeterea
686 1418 821 1454 autem
860 1416 980 1455 aliam
1014 1415 1136 1455 etiam
1162 1415 1202 1453 in
1227 1418 1381 1468 partem
1410 1416 1592 1454 Velleius
1619 1429 1786 1468 peccare
1814 1417 1984 1454 uidetur.
2057 1416 2309 1466 Quamquam
2337 1415 2443 1452 enim

299 1493 383 1533 sine
414 1492 533 1533 dubio
560 1491 784 1547 proposuit,
817 1496 994 1532 secretas
1018 1498 1163 1531 rerum'
1179 1494 1385 1544 gestarum
1413 1505 1578 1533 caussas
1605 1491 1760 1541 rimari,
1797 1495 1952 1541 tamen,
1991 1491 2023 1531 si
2048 1491 2184 1545 paucis
2211 1505 2235 1531 a
2265 1490 2361 1531 locis
2390 1489 2446 1529 di-

299 1570 492 1618 cesseris,
520 1573 566 1608 ut
589 1570 627 1617 2,
660 1571 712 1618 1.,
739 1568 807 1609 ubi
833 1568 1084 1620 Karthagine
1111 1568 1247 1609 deleta
1274 1567 1423 1609 Romae
1451 1568 1669 1623 perniciem
1696 1569 1871 1609 adlatam
1901 1582 1990 1608 esse
2021 1567 2216 1622 explicat,
2246 1579 2447 1620 nunquam

298 1646 507 1699 sequentia
536 1660 590 1685 ex
616 1646 944 1685 antecedentibus
972 1646 1030 1686 ita
1056 1646 1233 1700 pendere
1263 1647 1519 1696 demonstrat,
1546 1649 1593 1686 ut
1622 1660 1739 1686 secus
1766 1660 1815 1687 ea
1842 1647 2024 1686 accidere
2055 1660 2133 1686 non
2161 1645 2336 1699 potuisse
2365 1644 2448 1684 elu-

299 1726 399 1763 ceat.
456 1723 543 1762 Imo
570 1724 701 1763 omnia
722 1724 775 1763 ad
801 1723 1048 1775 singulorum
1066 1723 1273 1763 hominum
1301 1723 1458 1775 ingenia
1484 1724 1621 1773 refert,
1650 1724 1793 1776 quibus
1822 1738 1956 1764 rerum
1984 1724 2162 1764 ordinem
2181 1723 2268 1775 regi
2287 1722 2448 1762 uidetur

300 1801 461 1855 opinari.
530 1801 674 1854 Itaque
698 1801 947 1853 singulorum
973 1801 1150 1840 uirorum
1179 1801 1330 1840 animos
1356 1801 1494 1853 quales
1521 1802 1673 1841 fuerint
1699 1802 1914 1854 diligenter
1942 1801 2142 1855 depingit,
2178 1808 2222 1840 ut
2252 1799 2447 1853 quomodo

301 1890 404 1931 quae
432 1878 601 1917 fecerint
629 1879 685 1918 ab
710 1877 789 1917 illis
816 1877 905 1916 fieri
940 1890 1058 1931 posse
1095 1877 1363 1930 intellegatur.
1418 1879 1576 1925 Quibus
1612 1879 1653 1919 in
1691 1880 2023 1933 descriptionibus
2059 1893 2113 1917 ex
2145 1886 2259 1932 parte
2299 1876 2445 1931 optime

300 1957 486 2003 uersatus
514 1957 589 2004 est,
618 1956 664 1994 ut
689 1954 731 1994 in
756 1936 1005 1995 Maecenatis
1032 1955 1070 2005 2,
1095 1954 1148 1996 88
1164 1956 1184 2009 g
1200 1956 1224 1995 2
1253 1956 1338 2007 (cfr.
1365 1955 1570 1996 Hoeckius
1590 1950 1739 2008 1,*311)
1769 1957 1936 2009 aliisque
1967 1956 2181 2010 <Sauppius
2203 1956 2301 2004 156).
2359 1953 2446 1993 Hoc

299 2043 376 2085 ego
412 2032 559 2087 partim
592 2045 647 2071 ex
685 2032 890 2072 celeritate
925 2033 1125 2073 scribendi
1152 2033 1432 2088 explicandum
1459 2046 1551 2073 esse
1583 2046 1747 2083 censeo,
1784 2048 1863 2087 qua
1887 2034 2107 2088 prohibitus
2136 2039 2209 2082 est,
2237 2032 2445 2085 quominus

299 2109 397 2149 satis
440 2122 630 2162 magnam
668 2123 804 2149 rerum
840 2112 1048 2163 gestarum
1085 2110 1292 2150 scientiam
1328 2110 1524 2160 hauriret,
1568 2112 1715 2165 partim
1752 2125 1806 2150 ex
1842 2124 1910 2160 ea,
1954 2125 2033 2163 qua
2057 2112 2232 2158 laborat,
2271 2110 2446 2148 leuitate.

299 2186 553 2240 Quamquam
585 2187 691 2226 enim
727 2187 825 2227 satis
862 2187 1010 2227 habeat
1035 2188 1286 2240 sagacitatis,
1318 2190 1363 2227 ut
1389 2200 1491 2239 quae
1517 2188 1559 2227 in
1581 2192 1769 2242 promptu
1793 2189 1873 2228 sint
1897 2202 2062 2228 caussas
2090 2187 2284 2241 expedire
2310 2186 2447 2239 possit,

299 2267 436 2305 tamen
460 2264 692 2304 uniuersum
715 2277 852 2304 rerum
875 2264 1067 2305 ambitum
1097 2278 1176 2305 uno
1204 2265 1318 2318 quasi
1342 2266 1482 2305 obtutu
1503 2279 1584 2306 non
1615 2266 1888 2320 conplectitur.

433 2340 549 2382 Haec
581 2354 679 2382 vero
707 2340 842 2381 Vellei
875 2341 1020 2382 leuitas
1053 2342 1189 2382 multis
1226 2355 1279 2381 ex
1304 2343 1421 2382 rebus
1448 2342 1637 2382 cernitur.
1695 2342 1886 2383 Omittam
1915 2342 2041 2392 enim,
2079 2342 2119 2382 id
2148 2342 2253 2395 quod
2280 2341 2447 2381 adcura-

299 2418 464 2460 tissimis
478 2418 736 2475 scriptoribus
749 2431 960 2461 occurrere
978 2422 1121 2475 potest,
1150 2419 1319 2460 eandem
1339 2404 1548 2461 formulam
1565 2420 1724 2461 dicendi
1743 2420 1803 2462 bis
1819 2420 2000 2476 positam,
2017 2421 2054 2470 2,
2072 2420 2123 2460 22
2142 2421 2162 2474 g
2183 2420 2218 2460 5.
2245 2419 2282 2469 2,
2301 2418 2353 2459 28
2370 2418 2391 2472 ξ
2407 2417 2444 2459 3.

446 2547 478 2589 ⁸)
504 2546 582 2579 Alia
607 2546 778 2590 exempla,
814 2556 898 2589 quae
922 2547 982 2580 uix
1005 2557 1023 2580 e
1049 2547 1162 2581 studio
1188 2547 1251 2581 illo
1280 2546 1506 2592 pragmatieae
1531 2547 1725 2592 scriptionis
1748 2551 1823 2581 orta
1845 2548 1959 2591 putari
1980 2551 2140 2591 possunt,
2174 2546 2232 2579 sed
2256 2546 2313 2580 ubi
2339 2545 2451 2588 negle-

301 2605 416 2648 gentia
440 2616 527 2639 nune
549 2605 686 2649 maiore,
714 2615 801 2639 nuuc
822 2605 948 2639 minore
971 2605 1169 2648 ealliditate,
1193 2606 1274 2650 quin
1301 2606 1401 2640 etiam
1425 2605 1599 2648 elegantia
1622 2605 1767 2650 quadam
1795 2606 1964 2640 interdum
1988 2606 2126 2649 tegitur,
2151 2610 2229 2639 sunt
2254 2607 2286 2648 2,
2312 2606 2356 2638 62
2381 2606 2448 2646 52.

300 2663 343 2698 91
372 2665 391 2706 5
414 2664 444 2698 1.
467 2665 511 2698 9ίί
537 2665 558 2706 ξ
580 2665 609 2701 1.
640 2664 704 2699 116
731 2666 751 2705 ἓ
771 2665 804 2698 2.
833 2666 874 2697 15
892 2666 913 2706 ξ
930 2666 962 2698 5.
988 2665 1035 2699 30
1056 2666 1077 2707 ἓ
1100 2665 1132 2700 5.
1158 2666 1199 2698 31
1228 2667 1259 2708 §-
1281 2666 1313 2700 3.
1346 2664 1386 2697 18
1409 2666 1428 2705 ξ
1445 2664 1477 2698 6.
1549 2665 1628 2698 Non
1659 2676 1829 2708 nunquam
1871 2677 1950 2699 uero
1983 2670 2077 2709 patet
2114 2665 2279 2697 Velleium
2314 2664 2449 2696 omnino

300 2733 367 2755 non
391 2723 541 2765 sciuisse,
566 2733 607 2756 ea
630 2733 715 2766 quae
739 2726 856 2767 postea
878 2726 1029 2755 narraret
1053 2726 1152 2756 antea
1176 2722 1345 2758 accidisse.
1399 2723 1452 2754 Ita
1475 2722 1560 2755 dicit
1582 2723 1691 2765 legem
1712 2724 1886 2759 Aureliam
1903 2725 2021 2758 Cottae
2046 2724 2160 2758 eodem
2186 2735 2252 2766 quo
2270 2723 2448 2756 Gabiniam

300 2785 449 2824 tempore
480 2781 584 2815 latam
617 2792 690 2815 esse
717 2783 763 2824 (2,
787 2783 832 2815 32
856 2783 876 2823 ξ
897 2781 955 2824 2).
1016 2781 1157 2815 Constat
1189 2784 1301 2815 autem
1333 2782 1416 2814 hanc
1446 2791 1477 2814 a.
1501 2792 1538 2816 u.
1562 2782 1643 2816 687.
1676 2782 1772 2815 illam
1805 2793 1836 2815 a.
1860 2783 1941 2816 684.
1967 2783 2053 2824 legis
2076 2783 2227 2824 uigorem
2252 2781 2448 2815 obtinuisse.

301 2838 466 2873 Similiter
481 2839 639 2874 Clodium
662 2839 807 2873 occisum
831 2826 903 2874 esse
914 2843 1039 2882 narrat,
1066 2842 1243 2884 postquam
1257 2839 1437 2883 Pompeius
1454 2841 1666 2874 consulatum
1691 2840 1758 2873 iam
1785 2839 1925 2885 adeptus
1943 2846 2040 2875 esset.
2062 2843 2107 2884 (2,
2128 2842 2167 2873 17
2195 2842 2213 2882 ξ
2231 2840 2267 2878 4)
2322 2842 2449 2874 Contra

301 2901 413 2932 autem
445 2897 581 2932 omnino
612 2900 674 2931 est.
717 2898 806 2931 Nam
833 2898 971 2934 Clodius
1005 2898 1131 2932 oecisus
1165 2897 1408 2941 seditionesque
1439 2897 1522 2932 inde
1556 2903 1649 2933 ortae
1679 2909 1828 2932 caussam
1854 2898 2008 2932 idoneam
2032 2900 2256 2943 praebuerunt
2285 2898 2449 2942 Pompeio

300 2956 510 2991 consulatum
538 2956 719 2990 deferendi.
754 2957 815 2990 err.
840 2957 908 2991 Dio
932 2959 989 3000 40,
1014 2959 1060 2991 45
1080 2968 1132 3001 pr.
1158 2957 1312 3001 (Clodius
1337 2956 1465 2989 occisus
1490 2961 1553 2993 est)
1581 2955 1732 3001 μηδειώς
1756 2960 1831 2990 τοῖς
1853 2955 2061 3003 πράγμασιν
2087 2959 2375 3002 ἐπιτεταγμένον.
2402 2975 2449 2983 -

442 3029 473 3068 ⁴)
502 3026 614 3061 Minu·
637 3027 680 3060 ad
703 3026 914 3072 propositum
937 3032 1087 3061 nostrum
1109 3027 1265 3072 pertinet,
1291 3026 1380 3070 quod
1403 3026 1556 3069 singulae
1579 3028 1780 3067 narrationis
1805 3032 1918 3072 partes
1942 3039 2008 3061 non
2033 3038 2202 3071 nunquam
2227 3028 2314 3061 male
2339 3032 2375 3061 et
2394 3038 2450 3062 eo-

301 3087 440 3121 haerent
465 3091 498 3120 et
522 3085 587 3120 sibi
610 3085 833 3131 respondent,
866 3090 904 3121 ut
926 3087 996 3121 alia
1017 3097 1101 3131 quae
1130 3086 1268 3120 minoris
1289 3085 1450 3119 momenti
1480 3086 1550 3120 sint
1572 3098 1693 3130 magna
1719 3087 1897 3120 uerborum
1919 3088 2078 3121 iactantia
2101 3088 2335 3131 proferantur,
2368 3088 2448 3128 alia,

302 3156 385 3191 quae
407 3146 562 3189 maioris,
592 3147 647 3180 uel
669 3144 828 3181 breuibus
850 3145 1174 3191 comprehendantur
1199 3146 1254 3180 uel
1278 3145 1411 3179 omnino
1446 3156 1515 3179 non
1540 3150 1846 3188 eom-memorentur.
1911 3147 1967 3180 Sic
1998 3147 2111 3180 euenit
2137 3147 2172 3180 in
2202 3147 2338 3181 Catonis
2376 3159 2451 3182 ora-

300 3205 394 3240 tione
419 3215 518 3250 quam
553 3204 589 3238 in
614 3204 830 3239 Catilinarios
861 3204 982 3239 habuit
1007 3204 1237 3246 describenda,
1274 3215 1349 3238 eum
1375 3205 1527 3239 Caesaris
1559 3206 1668 3240 oratio
1700 3216 1837 3250 prorsus
1872 3205 2008 3239 silentio
2041 3210 2291 3250 praeter-catum
2331 3207 2449 3240 eadem

301 3275 356 3299 res
378 3269 431 3299 est
454 3265 490 3298 in
513 3264 668 3307 Tigranis
690 3264 841 3298 oratione
861 3275 927 3308 qua
950 3265 1052 3308 longa
1074 3275 1113 3298 ae
1138 3264 1305 3309 perpolita
1327 3276 1361 3297 se
1382 3264 1417 3296 in
1442 3264 1611 3298 dicionem
1632 3265 1775 3308 Pompei
1800 3266 2026 3309 ,‚permittit“
2055 3268 2102 3307 (2.
2130 3268 2185 3299 37.
2210 3266 2270 3307 2.).
