2709 3576
1329 96 1386 144 21

282 207 558 262 pinianum-io·
575 220 621 247 se
647 207 848 248 obtulerit.
903 206 1008 248 Nam
1035 220 1125 248 eum
1147 204 1356 262 *Sulpicius
1386 213 1506 248 antea
1521 207 1695 247 Senatus
1723 206 1905 259 partibus
1932 206 2100 254 faueret,
2131 206 2170 245 in
2197 218 2289 245 eum
2306 206 2437 260 ipsum

283 282 470 325 incisim
495 283 693 332 Marium,
707 283 823 324 ouius
850 294 986 339 opem,
1015 296 1122 338 quae
1146 283 1284 334 uellet,
1312 284 1537 339 perliceret,
1566 296 1645 323 non
1672 286 1735 322 est
1750 282 1851 337 ‘ueri
1878 281 2018 322 simile.
2071 283 2205 335 Atque
2236 295 2308 322 eae
2336 295 2438 335 quas

284 365 448 418 ΜΓ
476 361 590 402 illam
614 361 670 401 de
695 360 816 402 nafis
834 360 1000 417 imperio
1035 351 1150 415 leges
1178 361 1288 402 tulit:
1323 364 1369 402 ut
1397 361 1564 402 exsules
1591 361 1686 414 lege
1713 359 1838 400 Varia
1869 359 2027 414 (Script.
2056 359 2107 399 ad
2138 358 2235 399 Her.
2261 360 2284 400 2
2315 362 2336 414 ς
2360 361 2441 411 45.)

284 440 584 488 reuoeurentur,
599 441 647 479 ut
662 437 756 479 noui
772 438 938 479 sinesin
953 451 1092 479 omnes
1109 439 1239 480 tribus
1253 438 1591 479 distribuerentur
1611 438 1697 490 (cfr.
1716 436 1770 477 X.
1782 450 1819 476 n.
1840 436 1928 487 18),
1946 442 1991 476 ut
2005 449 2099 477 acre
2115 437 2244 477 alieno
2262 438 2441 491 oppressi

285 515 338 554 de
364 496 509 555 senatu
535 517 808 555 mouerentur:
859 527 934 556 em
970 527 1110 556 omnes
1137 515 1242 556 tanti
1268 516 1457 556 momenti
1484 518 1578 556 sunt
1604 515 1784 566 adeoque
1811 518 1959 554 statum
1989 514 2238 563 concutiunt,
2282 520 2326 553 ut
2355 514 2444 554 Sul-

285 589 412 645 pioins
435 590 545 632 aliud
575 591 696 632 etiam
718 594 882 646 praeter
909 590 1014 632 Mari
1043 604 1229 632 caussam
1251 582 1482 646 respexisse
1508 591 1713 647 putandus
1740 590 1801 630 sit.

427 666 541 709 Sulla
577 669 713 708 autem
745 667 885 708 audito
915 667 1157 722 Sulpiciano*
1170 667 1346 708 tumultu
1375 670 1515 709 urbem
1545 668 1673 722 capit,
1701 666 1842 707 Mariis
1872 666 2044 721 Sulpicio
2072 666 2240 719 aliisque
2271 680 2375 719 aqua
2402 671 2445 706 et

285 746 370 800 igni
404 747 617 788 interdicit.
691 747 825 800 Atque
854 747 913 787 illi
947 747 989 787 in
1013 746 1193 788 Afrieam
1219 746 1462 802 perfugiunt.
1526 745 1620 793 Qua
1647 745 1687 784 in
1715 745 1813 797 fug-a
1839 744 2103 784 describenda
2127 757 2200 798 per
2226 745 2444 797 neglegen-

272 824 384 865 ⁸tiam
413 818 597 864 Velleius
630 825 671 864 in
709 837 888 865 errorem
926 825 1115 865 incidisse
1150 824 1321 864 uidetur.
1380 823 1562 877 Namque
1593 822 1767 862 Marium
1805 825 1961 875 patrem
1997 822 2036 860 in
2066 822 2242 861 Africam
2284 826 2443 862 conten·
2446 861 2457 868 ,

287 902 394 942 disse
423 905 574 952 narrat,
603 902 677 941 sed
705 906 867 969 captum
890 905 933 942 et
958 902 1186 943 Minturnas
1213 915 1239 942 a
1267 901 1528 956 municipibus
1555 901 1720 939 ductum
1753 903 1893 953 postea
1928 899 2140 939 liberatum
2169 912 2270 938 esse.
2303 900 2444 951 (219,

287 980 312 1021 3
339 982 384 1019 et
409 980 464 1031 4.)
519 979 674 1020 Deinde
704 979 746 1019 in
771 979 950 1020 Aenaria
977 978 1110 1020 insula
1132 978 1259 1019 fllium
1284 979 1519 1019 adsecutum
1543 989 1656 1027 esse,
1686 989 1854 1030 quocum
1878 977 1918 1016 in
1945 977 2083 1017 Asiam
2113 977 2333 1029 nauigat-et.
2389 977 2446 1017 At

286 1055 528 1097 Plutarchus
545 1055 690 1110 prodit,
715 1055 889 1097 Marium
917 1055 1044 1096 filium
1062 1055 1104 1096 in
1122 1055 1244 1097 Italia
1261 1068 1287 1096 a
1308 1058 1423 1110 patre
1440 1055 1625 1096 relictum
1644 1066 1752 1102 esse3
1783 1054 1928 1094 deinde
1945 1054 2072 1094 multa
2088 1054 2264 1108 pericula
2282 1066 2443 1108 perpes-

287 1145 377 1173 sum
397 1132 550 1174 directo
575 1145 698 1173 cursu
723 1132 918 1174 inAsiam
945 1132 1190 1188 peruenisse.
1236 1131 1385 1174 Contra
1402 1132 1576 1173 Marium
1607 1134 1764 1186 patrem
1780 1145 1870 1171 cum
1887 1131 2036 1173 Granio
2053 1131 2224 1184 quodam
2251 1144 2304 1170 ex
2324 1130 2444 1171 Italia

286 1208 328 1249 in
355 1209 495 1250 Asiam
531 1209 738 1249 transuehi
773 1209 961 1250 uoluisse.
1011 1209 1093 1250 Sed
1127 1209 1310 1250 aduersis
1346 1210 1479 1250 uentis
1515 1222 1606 1249 cum
1641 1209 1693 1248 ad
1730 1212 1880 1248 terram
1906 1208 2111 1262 adpellere
2143 1208 2269 1248 coacti
2293 1211 2442 1255 essent,

287 1286 415 1327 solum
443 1285 617 1327 Marium
646 1299 736 1326 esse
764 1289 937 1341 captum.
990 1286 1122 1334 Quem
1151 1290 1291 1341 postea
1314 1299 1391 1326 non
1420 1285 1558 1333 filium,
1587 1286 1660 1326 sed
1684 1285 1797 1326 illum
1820 1285 1949 1340 ipsum
1977 1285 2172 1327 Granium
2202 1284 2242 1325 in
2267 1284 2443 1325 Aenaria

287 1363 531 1405 conuenisse.
576 1363 696 1416 (Plut.
724 1363 827 1404 Mar.
854 1364 920 1413 35,
946 1366 972 1404 5
1001 1377 1072 1417 sq.,
1100 1364 1140 1404 in
1166 1363 1304 1418 primis
1331 1365 1395 1412 40,
1430 1365 1479 1415 1.)
1538 1363 1672 1416 Atque
1704 1376 1753 1404 ea
1781 1363 2066 1404 confirmantur
2099 1363 2149 1403 ab
2176 1362 2359 1416 Appiano
2388 1364 2441 1413 (1,

286 1441 338 1482 62
368 1455 405 1496 p.
426 1440 518 1493 88).

1343 1601 1392 1642 Χ.

423 1712 690 1768 Sulpicianam
729 1712 909 1755 Cinnana
945 1712 1096 1768 excipit
1135 1712 1287 1753 seditio.
1359 1711 1458 1754 Cum
1491 1712 1598 1752 enim
1626 1711 1752 1753 Cinna
1789 1712 1848 1752 bis
1884 1725 2017 1752 rerum
2064 1713 2180 1767 potiri
2218 1720 2442 1762 conaretur,

210 1822 215 1825 .
286 1790 457 1845 primum
486 1785 668 1829 ciuilibus
696 1789 862 1839 artibus,
892 1789 1039 1829 deinde
1067 1789 1208 1837 armis:
1246 1789 1345 1829 illud
1372 1789 1532 1842 quidem
1555 1789 1592 1828 ei
1623 1802 1702 1829 non
1726 1789 1903 1842 contigit,
1934 1790 1994 1829 his
2018 1803 2091 1843 per
2107 1789 2318 1829 triennium
2337 1802 2442 1829 sum·

286 1880 393 1908 mam
427 1865 644 1922 potentiam
672 1866 850 1907 obtinuit.
907 1866 968 1906 De
1003 1866 1115 1907 cuius
1140 1866 1300 1919 ingenio
1326 1847 1427 1920 quae
1464 1865 1647 1906 Velleius
1675 1867 1726 1919 (2.
1753 1867 1817 1916 24,
1847 1868 1901 1918 5.)
1934 1867 2103 1921 scripsit,
2131 1867 2360 1912 Drumanno
2390 1866 2442 1919 (2,

286 1944 443 1996 58081)
479 1944 731 1984 emendanda
769 1957 859 1984 esse
888 1943 977 1985 uisa
1005 1947 1108 1984 sunt.
1169 1930 1250 1985 Sed
1279 1946 1393 1998 puto,
1424 1943 1626 1984 Velleium
1657 1947 1699 1984 et
1727 1944 1801 1984 sibi
1830 1950 2012 1985 constare
2043 1951 2084 1985 et
2114 1945 2311 1985 historiae.
2374 1944 2443 1984 Et-

286 2021 391 2062 enim
419 2020 546 2063 Cinna
584 2020 721 2061 consul
739 2021 800 2072 Π)
834 2034 959 2062 nouos
997 2020 1106 2061 ciues
1144 2020 1184 2061 in
1212 2033 1348 2061 omnes
1378 2021 1504 2060 tribus
1532 2020 1738 2076 dispartiri
1766 2026 1932 2061 conatur
1948 2024 1958 2048 ¹
1972 2022 2019 2073 ⁸).
2065 2021 2193 2062 Multo
2223 2031 2358 2062 autem
2387 2021 2443 2061 in-

287 2098 515 2140 credibilius
553 2102 636 2148 est,
673 2098 779 2151 quod
809 2098 1017 2153 Appianus
1045 2097 1104 2151 (B.
1129 2098 1171 2139 C.
1202 2100 1234 2147 1,
1265 2099 1345 2148 64.)
1373 2097 1538 2139 Cinnam
1568 2110 1593 2138 a
1618 2098 1724 2138 Mari
1752 2099 1891 2138 amicis
1921 2104 2149 2152 corruptum
2178 2112 2268 2138 esse
2292 2107 2441 2139 narrat.

286 2174 390 2216 Nam
416 2175 542 2217 Cinna
574 2175 653 2215 iam
689 2160 808 2215 antea
840 2174 1096 2229 optimatibus
1124 2178 1214 2215 erat
1238 2174 1417 2214 infestus.
1476 2173 1563 2214 Nec
1589 2187 1688 2215 uero
1716 2175 1895 2228 intellegi
1923 2182 2073 2229 potest,
2117 2189 2188 2215 cur
2211 2175 2361 2216 Cinnae
2391 2176 2441 2215 de

426 2297 479 2340 Η)
505 2298 581 2335 Quo
605 2297 706 2331 modo
730 2297 942 2332 consulatum
965 2308 1026 2342 per
1051 2297 1182 2330 Sullam
1206 2299 1349 2340 adeptus
1375 2297 1439 2339 sit,
1464 2297 1615 2330 Velleius
1644 2299 1806 2340 narrauit,
1832 2299 1890 2331 ubi
1914 2309 2001 2331 nunc
2025 2302 2136 2331 exstat
2162 2299 2283 2331 lacuna
2310 2301 2356 2341 (2.
2386 2301 2442 2340 20,

289 2357 347 2399 1.).
397 2357 452 2391 Eo
475 2357 579 2391 etiam
604 2358 653 2400 fit,
679 2361 719 2391 ut
740 2368 825 2402 quae
851 2357 892 2391 de
913 2357 1078 2402 Pompeio
1098 2368 1120 2391 a
1141 2358 1316 2391 Strabonis
1338 2356 1504 2390 militibus
1530 2357 1708 2391 interfecto
1736 2356 1851 2398 tradit,
1877 2357 2118 2401 abruptissima
2142 2357 2329 2390 uideantur.
2378 2357 2441 2390 Ille

285 2416 374 2450 enim
398 2427 419 2449 a
442 2415 539 2450 Suus
571 2416 715 2458 missus,
739 2421 779 2450 ut
803 2416 1001 2450 Strabonem
1026 2416 1214 2461 exciperet,
1246 2428 1267 2450 a
1290 2416 1455 2450 militibus
1475 2420 1562 2450 certe
1591 2428 1659 2460 non
1683 2416 1791 2450 inuito
1815 2416 1897 2450 duce
1921 2417 2143 2461 interemptus
2167 2420 2228 2450 est.
2276 2416 2442 2449 Druman·

284 2488 347 2511 nus
373 2478 406 2518 2,
431 2477 564 2512 43922.
589 2476 671 2511 Liui
694 2479 748 2511 ⁷⁷.
1242 2467 1247 2472 '

421 2535 476 2578 ¹⁸)
503 2537 534 2569 2.
561 2536 617 2577 20,
643 2536 675 2571 2.
725 2535 803 2569 1100
835 2535 877 2569 de
916 2535 990 2569 loeo
1015 2545 1091 2570 cum
1111 2536 1260 2581 Appiani
1290 2536 1319 2580 1,
1342 2538 1399 2571 49.
1424 2538 1479 2571 55.
1505 2537 1564 2572 64.
1590 2535 1802 2570 conciliando
1828 2536 1936 2570 multa
1965 2537 2033 2570 iam
2058 2537 2229 2583 disputata
2256 2544 2343 2573 sunt.
2382 2540 2441 2577 cfr.

285 2593 516 2636 Goettlingius
542 2592 576 2627 d.
602 2593 682 2628 451.
722 2593 986 2638 Mommsenius,
1011 2593 1105 2628 Trib.
1129 2594 1229 2630 Rom.
1253 2595 1373 2639 (1844)
1404 2597 1441 2628 11
1469 2604 1517 2638 sq.
1561 2594 1727 2629 Beckerus
1754 2596 1787 2629 ².
1818 2598 1848 2637 1,
1881 2596 1957 2630 170.
1994 2597 2191 2642 Zumptius,
2229 2598 2319 2635 stud.
2345 2599 2443 2633 Rom.

285 2655 366 2688 370.
387 2651 575 2694 Walter-us,
598 2652 646 2685 Η.
669 2653 703 2687 J.
727 2653 769 2688 R.
792 2653 913 2697 (1860)
942 2656 975 2696 1,
999 2655 1134 2689 38918.
1181 2655 1261 2688 Nou
1284 2655 1425 2696 dubito,
1456 2654 1537 2697 quin
1561 2655 1715 2689 Velleius
1739 2656 1872 2689 ueriora
1895 2657 2052 2701 Appiano
2077 2664 2202 2693 narret.
2252 2660 2339 2692 Sane
2363 2670 2442 2692 uero

286 2711 377 2755 qued
392 2711 546 2745 Velleius
569 2711 606 2745 in
631 2715 707 2746 octo
732 2711 841 2746 tribus
865 2724 888 2746 a
904 2712 1060 2756 Sulpicio
1084 2725 1191 2748 nouos
1213 2714 1304 2751 ciues
1327 2714 1533 2748 contributos
1557 2726 1630 2748 esse
1655 2715 1755 2752 dicit.
1781 2716 1956 2759 Appianus
1984 2720 2088 2750 uerbo
2109 2714 2308 2751 δεκατεύειν
2324 2719 2442 2760 utitur,

284 2779 352 2803 non
364 2772 532 2813 repugnet
545 2769 800 2813 (Mommsenius
813 2769 846 2804 d.
864 2772 916 2804 11.
929 2772 1011 2816 12).
1049 2773 1258 2814 Argumenta
1269 2775 1392 2814 sutem,
1421 2771 1544 2816 quibus
1561 2777 1747 2807 commotus
1760 2773 1891 2806 Velleio
1907 2773 1984 2818 plus
1997 2785 2097 2818 quam
2115 2776 2270 2820 Appiano
2283 2776 2442 2818 tribuam,

284 2828 368 2865 haee
393 2821 484 2864 sunt.
520 2826 673 2862 Primam
684 2828 854 2864 Remum·
879 2829 990 2866 tribus
1004 2831 1076 2867 »illo
1091 2836 1241 2878 tempore
1264 2833 1413 2876 auxisse,
1439 2843 1506 2866 non
1532 2837 1588 2867 est
1609 2833 1795 2878 probabile,
1821 2845 1927 2878 neque
1942 2846 2085 2878 usquam
2109 2847 2271 2870 nouarum
2290 2837 2442 2871 tribuum

285 2885 432 2929 uestigia
464 2886 678 2931 reperiuntur
702 2887 950 2932 (Goettlingius
973 2891 1000 2926 1.
1033 2892 1091 2935 e).
1138 2891 1268 2926 Deinde
1293 2892 1466 2959 Appianas
1494 2892 1568 2936 ipse
1593 2893 1678 2936 (55.)
1707 2904 1811 2926 nouos
1836 2892 1926 2926 eines
1947 2893 1984 2926 in
2010 2905 2123 2928 omnes
2148 2895 2257 2928 tribus
2284 2906 2304 2928 a
2329 2896 2441 2940 Sulpi-

286 2945 339 2978 cio
362 2948 513 2990 receptos
535 2956 608 2979 esse
631 2949 756 2989 narrat,
796 2944 966 2992 ἐπήᾶῑισο
987 2950 1023 2983 ἐς
1041 2948 1107 2984 τὰς
1129 2948 1244 2998 φυλὰς
1263 2947 1405 2986 ἁπάσας
1427 2947 1630 2998 διαιρήσειν,
1655 2955 1690 2986 et
1716 2962 1755 2985 ex
1781 2961 1808 2985 c.
1834 2953 1890 2985 64
1919 2951 2030 2985 simile
2054 2953 2135 2997 quid
2157 2954 2313 2999 eonsequi
2350 2954 2442 2989 uide-

287 3008 355 3039 tur.
402 3005 492 3037 Nam
517 3004 548 3037 si
573 3005 655 3038 noui
680 3005 771 3038 dues
795 3016 875 3040 uere
895 3017 1002 3041 nouas
1025 3009 1135 3043 tribus
1158 3010 1399 3052 confecissent,
1435 3020 1502 3042 non
1523 3011 1799 3054 intellegeretur,
1827 3020 1886 3043 cur
1909 3011 2128 3055 impotentiae
2152 3013 2187 3045 id
2212 3024 2348 3047 caussae
2370 3025 2443 3047 esse

286 3064 454 3105 dicerent,
491 3061 582 3107 quod
604 3064 726 3099 ultimo
750 3067 826 3099 loeo
846 3067 1010 3110 suffragia
1033 3068 1176 3113 ferrent,
1215 3069 1273 3103 ἵνα
1295 3067 1347 3114 μὴ
1368 3066 1565 3103 τελευταῖοι
1589 3070 1824 3116 ψηφιζόμενοι
1848 3070 2000 3106 πάντων
2022 3084 2088 3105 ωσι
2089 3085 2111 3104 ν
2136 3070 2261 3119 amoos
2287 3076 2334 3117 (p.
2362 3076 2445 3115 90..)

285 3122 328 3158 Id
352 3122 443 3157 enim
465 3121 712 3167 multo-nptias
737 3134 777 3158 eo
800 3124 956 3169 refertur,
979 3126 1081 3171 quod,
1107 3138 1296 3173 quanquam
1320 3132 1415 3163 erant
1438 3128 1587 3173 antiquis
1611 3130 1766 3164 tribubus
1791 3130 1963 3176 adscripti,
1989 3136 2101 3165 tamen
2128 3131 2241 3166 ultimi
2265 3132 2308 3166 ad
2326 3133 2444 3167 suffra-

285 3181 345 3226 gia
378 3180 517 3216 ferend·
547 3179 822 3218 admittebantur.
870 3184 1087 3232 Quapropter
1116 3197 1184 3221 non
1217 3189 1301 3232 puto
1333 3190 1421 3220 recte
1446 3186 1694 3230 Goettlingium
1718 3188 1898 3233 suspicari,
1936 3189 2042 3223 socios
2065 3189 2222 3225 tribubus
2247 3192 2385 3225 urbanis
2411 3196 2446 3226 et

286 3241 372 3277 1111.
396 3241 532 3276 rusticis
556 3240 724 3277 admixtos
748 3254 833 3278 esse.
880 3244 1065 3280 Beckerus
1073 3243 1187 3280 sutem
1213 3247 1259 3290 (2.
1287 3247 1317 3289 1,
1341 3246 1473 3287 ΙῚΟΗ)
1500 3256 1536 3280 se
1559 3257 1626 3280 non
1650 3247 1845 3303 intellegere
1869 3247 1970 3290 dicit,
1996 3259 2062 3292 quo
2086 3249 2186 3282 modo
2211 3250 2446 3285 contribueudi

290 3300 433 3335 uerbum
458 3301 508 3334 ita
531 3301 606 3345 quis
628 3301 737 3345 possit
759 3302 985 3346 interpretari.
1045 3304 1111 3339 Sed
1142 3305 1214 3338 eius
1239 3316 1320 3338 usus
1344 3305 1496 3348 exempla
1522 3309 1691 3349 permulta
1717 3307 1751 3338 in
1779 3307 1894 3340 Klotzi
1920 3307 2028 3340 lexico
2054 3319 2079 3342 s.
2106 3320 2139 3341 u.
2168 3310 2321 3343 inuenies
2347 3309 2444 3355 (byn.)
