2709 3576
239 200 466 243 munionem
505 214 598 242 oum
628 199 703 244 illo.
731 200 820 256 ipso
847 199 1023 242 Antonio
1057 200 1203 249 inierit,
1240 213 1321 245 non
1354 200 1670 257 „neapo-ie
1710 200 1895 251 :rufi
1925 208 2229 255 sie-utam
2247 202 2413 257 quids-

240 278 429 321 Csesaris
456 277 701 332 reipublicae
731 291 877 318 osussa
903 277 1135 326 exciuerat,
1169 276 1244 318 sed
1269 279 1317 320 ut
1341 276 1733 337 ipatutnseeset..
1775 277 2108 331 Tmoli-twa),
2133 292 2189 326 ne
2213 279 2414 334 Antonius

239 355 512 397 Brundusium
540 369 633 396 cum
657 353 883 407 legionibus
901 344 1112 398 -Pfintffiois
1139 358 1417 398 reuertemur
1443 354 1546 411 (mo,
1563 357 1642 406 ιι,
1665 357 1711 400 12
1737 356 2044 412 pauses„
2068 357 2257 412 ass»
2277 358 2412 409 aas.

240 432 321 474 Vbi
360 437 497 474 autem
536 446 726 489 reuersus
768 433 835 474 est
860 431 1088 482 Antonius,
1132 431 1313 485 legiones
1347 415 1591 476 Marmor
1613 432 1774 482 Quarta
1808 433 1863 476 nd
1898 432 2119 488 onheim}
2152 433 2410 479 meierum

238 512 358 558 Quod
388 510 570 550 Velleius
610 510 771 561 cog-nita
806 514 975 549 senatus
1011 510 1218 557 uoluntate
1259 513 1303 549 et
1336 510 1501 550 iuuenis
1529 510 1668 551 indole.
1704 511 1825 557 uictis
1857 523 1900 551 a·
1917 511 2298 563 milium-m
2318 525 2412 554 ωηο

238 596 378 630 narrat
404 590 458 641 (2.
485 591 550 638 61,
578 589 644 640 2.).
699 587 885 633 Quorum
918 588 1021 628 illud
1052 587 1224 629 militum
1253 587 1427 641 ingeniis
1453 600 1627 643 prorsus.
1647 588 2413 644 repugnst,‚-l=on«redobtgmtorinu

239 667 599 725 amplificationem.
665 666 772 706 Nam
813 666 995 720 legiones
1038 666 1133 706 illae
1177 665 1259 705 iam
1305 666 1510 721 cognitum
1554 650 1757 707 habebant
1800 665 2077 709 Octauianum.
2156 666 2319 723 Quippe
2354 680 2412 709 ex

239 744 478 786 Macedonia
510 744 729 785 arcessitae
756 746 892 793 erant,
930 756 1009 796 quo
1034 743 1187 784 Caesar
1224 743 1279 783 ad
1314 743 1464 784 bellum
1490 742 1726 786 Parthicum
1765 756 1836 786 eos
1862 744 2140 799 apae-inerat
2172 744 2412 799 (Βσβίωπιιι

238 822 291 862 ad
318 821 431 862 Dion.
462 823 527 871 45,
557 821 615 862 13.
646 823 674 861 t.
698 822 724 862 5
751 835 788 876 p.
816 821 897 862 452
925 822 1000 872 ⁸¹).
1070 820 1125 861 At
1152 820 1325 871 Caesar,
1372 820 1584 875 nequando
1618 821 1672 862 ad
1705 821 1982 874 gubernwula
2020 821 2271 877 reipublicae,
2297 834 2411 869 8000·

239 900 350 941 denti
393 899 563 941 militum
604 898 757 941 auxilia
789 898 1012 942 Octauiano
1052 899 1265 949 deessent,
1310 901 1357 940 ut
1397 898 1560 940 illorum
1603 898 1682 940 iam
1724 901 1848 942 antea
1891 898 2181 942 consuetudine
2215 902 2411 952 uteretur,

239 979 486 1032 cauerat⁴³)
516 977 789 1031 (Drumannus
805 978 851 1027 4,
873 977 994 1029 254.).
1048 977 1178 1020 Multo
1205 977 1333 1032 igitur
1360 977 1511 1020 rectius
1538 990 1736 1029 caussam,
1765 991 1822 1020 ex
1847 990 1928 1032 qua
1953 977 2137 1033 legiones
2164 978 2411 1031 transierint,
2441 1006 2452 1019 .

240 1056 449 1112 Appianus
478 1056 531 1109 (3,
562 1055 614 1097 43
643 1070 680 1110 p.
711 1055 822 1108 445.)
849 1069 905 1096 ex
934 1069 981 1096 eo
1010 1055 1175 1111 repetit,
1210 1055 1318 1110 quod
1345 1055 1549 1100 Antonius
1572 1069 1741 1111 paruam
1769 1055 1886 1098 modo
1908 1054 2103 1111 pecuniae
2130 1069 2330 1106 summam
2351 1055 2410 1105 in·

240 1141 303 1175 ter
339 1148 409 1175 eas
442 1148 486 1175 se
517 1135 824 1175 distributurum
861 1148 954 1175 esse
988 1135 1239 1189 promiserat.
1305 1135 1457 1176 Contra
1483 1134 1730 1175 Octauianus
1766 1146 1937 1186 grauem
1973 1134 2186 1188 pecuniam
2208 1134 2267 1175 eis
2294 1134 2408 1189 poui-

239 1212 342 1254 citus
369 1215 443 1253 est.
500 1211 602 1254 Cum
630 1211 774 1265 quibus
804 1212 927 1253 rebus
953 1211 1150 1265 quomodo
1176 1211 1392 1253 cohaereat
1408 1211 1638 1254 Mutinense
1667 1210 1820 1252 bellum
1846 1224 1926 1252 non
1952 1210 2135 1265 adparet.
2188 1209 2294 1253 Nam
2313 1209 2410 1253 Vel-

239 1289 346 1330 leius
370 1288 589 1330 Antonium
621 1288 662 1329 in
693 1287 869 1331 Galliam
897 1288 1140 1343 Cisalpinam
1168 1288 1394 1343 profectum
1422 1301 1526 1339 esse,
1553 1294 1599 1329 ut
1624 1301 1650 1329 a
1677 1287 1725 1328 D.
1753 1286 1881 1329 Bruto
1909 1300 2001 1329 eam
2029 1287 2265 1338 uindicaret,
2294 1299 2410 1343 prae-

239 1367 424 1408 termittit
440 1368 515 1418 ⁴⁴).

1287 1515 1381 1556 XX,

375 1616 425 1655 In
460 1620 544 1655 tota
580 1616 655 1655 hac
691 1628 827 1654 rerum
863 1615 1115 1673 enarratione
1143 1615 1366 1656 Octauiano
1408 1628 1563 1655 summa
1589 1615 1801 1667 integritas
1827 1614 2018 1654 tribuitur
2047 1626 2218 1667 eumque
2245 1626 2318 1668 pro
2345 1625 2409 1653 re-

237 1693 397 1748 publica
425 1692 587 1734 stetisse
618 1691 879 1745 signifieatur‚
905 1692 1032 1733 donec
1058 1692 1213 1734 malitia
1238 1696 1404 1734 senatus
1432 1695 1592 1734 coactus
1625 1695 1699 1742 est,
1728 1705 1807 1733 non
1835 1693 1974 1733 contra
2001 1704 2147 1746 remp.,-
2169 1690 2243 1732 sed
2269 1696 2408 1732 contra

239 1771 432 1811 Senatiun
460 1784 552 1810 eum
576 1769 750 1810 Antonio
778 1772 819 1809 et
838 1769 990 1825 Lepido
1016 1783 1129 1810 arma
1157 1769 1411 1823 coniungere.
1458 1769 1601 1824 Itaque
1629 1769 1667 1809 ei
1702 1769 1854 1825 primae
1880 1769 1921 1808 in
1949 1768 2055 1809 bello
2071 1767 2290 1808 Mutinensi
2318 1780 2408 1823 par·

238 1853 302 1888 tes
338 1860 416 1887 non
446 1848 531 1887 sine
565 1846 747 1887 ueritatis
784 1847 931 1886 damno
957 1846 1189 1887 tribuuntur
1227 1847 1279 1899 (2.
1309 1847 1374 1896 61,
1405 1848 1447 1894 4;
1477 1847 1541 1896 62,
1571 1848 1637 1897 4.).
1697 1845 1796 1886 Post
1828 1845 1980 1886 uictum
2015 1848 2153 1886 autem
2190 1842 2408 1885 Antonium

239 1925 393 1963 redisse
422 1916 598 1963 animum
622 1923 892 1978 optimatibus,
922 1927 966 1961 ut
986 1923 1111 1961 Bruto
1125 1923 1344 1977 Cassioque
1373 1922 1662 1962 transmarinas
1689 1922 1915 1978 prouincias
1944 1923 2211 1979 decernerent
2239 1922 2318 1973 (62,
2344 1922 2404 1972 1.).

240 2002 296 2043 At
330 2002 423 2042 illae
461 2001 690 2056 prouinciae
728 2004 822 2040 ante
862 2000 1013 2041 bellum
1041 2000 1292 2051 Mutinense,
1327 2001 1568 2054 simulatque
1597 1999 1795 2040 Antonius
1831 1999 1956 2040 hostis
1982 1999 2180 2040 iudicatus
2208 2002 2291 2048 est,
2320 2011 2410 2037 eon·

240 2078 381 2119 iuratis
410 2090 624 2119 concessae
654 2080 748 2118 sunt
772 2076 891 2132 (App.
911 2077 949 2127 3,
970 2077 1032 2118 63.
1063 2076 1269 2117 Hoeckius
1297 2079 1328 2128 l,
1355 2075 1462 2129 230.)
1477 2078 1551 2129 ⁴⁵).
1597 2076 1736 2124 Quare
1764 2078 1929 2118 senatus
1956 2075 2139 2130 ingratus
2168 2075 2209 2116 in
2225 2074 2411 2116 Octauia·

240 2170 334 2197 num
364 2156 488 2196 fuisse
518 2155 742 2207 dieitur⁴⁶)
776 2156 813 2209 (5
839 2157 908 2205 5.).
967 2153 1053 2194 Nec
1087 2157 1221 2210 potest
1259 2155 1401 2208 negari
1433 2154 1598 2195 infidam
1624 2168 1700 2211 per
1726 2155 1827 2196 haec
1855 2156 2036 2210 tempora
2063 2158 2248 2195 senatum
2275 2165 2409 2208 perso-

239 2246 333 2274 nam
361 2233 516 2287 egisse,
546 2233 630 2272 sed·
649 2231 795 2272 ceteris
824 2231 959 2272 hercle
984 2245 1063 2272 non
1088 2232 1322 2273 infidiorem.
1380 2232 1514 2286 Atque
1544 2231 1737 2274 Octauius
1766 2232 1928 2287 quidem
1948 2244 1992 2272 se
2021 2244 2151 2285 neque
2181 2231 2410 2281 coniuratis,

238 2311 385 2365 quippe
409 2310 478 2363 qui
507 2309 737 2349 uniuersum
768 2309 964 2349 orientem
993 2309 1238 2359 obtinerent,
1286 2322 1417 2362 neque
1446 2309 1641 2359 Antonio,
1677 2309 1746 2362 qui
1772 2309 1933 2350 interim
1960 2308 2187 2350 exercitum
2215 2321 2306 2348 cum
2333 2307 2408 2348 Le-

237 2388 332 2442 pido
359 2387 635 2428 coniunxisset
662 2387 714 2439 (2.
747 2387 811 2435 63,
836 2388 916 2436 1.),
955 2400 1046 2426 eum
1080 2386 1170 2427 boni
1198 2389 1371 2426 euentus
1399 2399 1470 2441 spe
1501 2385 1690 2426 resistere
1718 2398 1836 2440 posse
1864 2388 1996 2437 ratus,
2036 2385 2178 2426 foedus
2207 2397 2298 2425 cum
2324 2384 2407 2425 An-

237 2465 345 2506 tonio
379 2478 427 2505 ac
452 2464 603 2520 Lepido
644 2464 744 2505 inire
779 2465 1042 2520 temptatfl).
1100 2463 1197 2505 Post
1230 2463 1383 2505 bellum
1418 2463 1524 2504 enim
1551 2449 1780 2505 Mutinense
1806 2462 1956 2506 Planco
1990 2467 2034 2505 et
2060 2462 2199 2505 Asinio
2224 2461 2404 2503 Pollione

239 2590 336 2634 pulat
368 2596 481 2622 autem
507 2587 658 2621 Velleius
695 2599 715 2621 a
744 2588 945 2622 Casaubono
977 2587 1021 2621 ad
1047 2589 1140 2624 Mon.
1164 2589 1251 2624 Ano.
1277 2588 1302 2623 1.
1327 2598 1355 2620 c.
1385 2586 1420 2630 (2
1446 2599 1480 2632 p.
1507 2589 1588 2626 382.
1613 2587 1753 2622 Suetoni
1776 2587 1910 2631 Wolf.)‚
1935 2586 2026 2631 quod
2055 2587 2233 2622 Octauium
2256 2587 2409 2622 XVIIII.

239 2659 364 2682 annum
389 2647 472 2680 dicit
499 2647 699 2690 ingressum,
726 2656 801 2679 cum
825 2646 897 2691 ipse
922 2657 958 2680 se
986 2646 1136 2680 XVIIII.
1162 2657 1267 2680 annos
1294 2650 1411 2680 natum
1435 2645 1540 2681 fuisse
1564 2649 1720 2681 testetur.
1770 2645 1836 2680 Sed
1861 2646 1911 2680 nil
1934 2644 2035 2680 uideo
2062 2645 2328 2689 „adulationis“‚
2356 2646 2407 2680 ui·

239 2708 302 2741 deo
329 2706 459 2751 aliquid
486 2705 728 2749 neglegentiae.

377 2767 433 2809 ⁴⁸)
461 2765 661 2810 Apolloniae
699 2769 834 2809 praeter
864 2776 916 2799 res
951 2765 1115 2798 militares
1154 2764 1286 2798 litteras
1313 2763 1492 2798 Octauium
1524 2766 1686 2798 tractasse
1712 2763 1767 2808 (V.
1794 2766 1828 2799 2.
1854 2765 1911 2806 59,
1935 2765 1997 2807 4.),
2022 2763 2270 2799 demonstrauit
2297 2764 2405 2810 Saup-

264 2826 316 2860 ius
345 2827 421 2860 153.

238 2838 262 2871 p
378 2886 434 2925 ⁴⁴)
460 2884 598 2916 Hirtius
625 2887 736 2916 autem
760 2887 793 2916 et
818 2883 931 2915 Pansa
953 2892 1032 2923 non,
1060 2887 1097 2915 ut
1121 2881 1273 2915 Velleius
1298 2879 1394 2921 dicit,
1417 2880 1584 2923 designati
1609 2881 1762 2914 eonsules
1787 2885 1893 2924 erant,
1921 2893 1997 2923 eum
2021 2881 2086 2915 SC.
2106 2880 2193 2915 illud
2218 2882 2323 2924 fieret,
2348 2881 2407 2917 sed

238 2955 317 2978 uere
345 2945 510 2976 eonsules.
537 2944 625 2986 App.
655 2942 688 2982 3,
713 2943 751 2975 51
783 2954 818 2985 p.
844 2942 926 2975 466.
952 2941 1084 2985 Popma
1113 2942 1191 2975 975.

377 3003 432 3035 45)
461 3001 676 3048 Drumanuuqs
702 2999 837 3043 quidem
864 3003 912 3042 (1,
940 3000 1078 3041 321’5)
1104 2999 1222 3033 Cassio
1255 3002 1334 3043 post
1368 2996 1494 3030 benum
1519 2996 1711 3032 Mutinense
1737 2998 1869 3042 Syriam
1895 2997 2104 3044 prouinciam
2129 2997 2296 3032 decretam
2321 3007 2407 3038 esse,

239 3066 364 3103 narrat,
392 3059 446 3094 cui
471 3058 661 3093 adsentitur
685 3058 853 3104 Sauppius
883 3059 958 3095 153.
986 3057 1046 3095 cfr.
1075 3057 1142 3091 Dio
1166 3059 1224 3098 47,
1254 3057 1298 3090 29
1324 3056 1468 3104 11.,528.
1495 3055 1663 3089 Lentulus
1687 3056 1724 3090 in
1749 3055 1818 3092 Cic.
1846 3057 1909 3104 Ep.
1940 3059 1994 3094 12.
2026 3057 2080 3098 14.
2104 3058 2141 3093 4.

379 3120 434 3163 ⁴⁸)
458 3121 512 3153 Ea
536 3130 621 3164 quae
641 3119 783 3152 Peterus
808 3121 841 3158 2,
860 3119 940 3154 464.
968 3117 1119 3162 disputat
1147 3129 1166 3150 a
1193 3116 1326 3151 Velleio
1347 3117 1378 3150 2.
1398 3117 1454 3156 62,
1472 3116 1504 3148 6.
1529 3114 1778 3149 confirmantur.
1829 3117 2028 3160 Quanquam
2052 3116 2164 3150 iocum
2190 3115 2289 3149 illum
2314 3114 2406 3148 Ciee-

239 3180 312 3212 roni
340 3179 426 3212 uitio
450 3179 571 3219 uertit,
595 3182 707 3211 tamen
735 3178 771 3210 in
792 3178 854 3211 illa
879 3188 956 3211 eum
980 3182 1130 3221 tempore
1157 3175 1316 3209 incidisse
1342 3173 1566 3217 consequitur·
1591 3174 1654 3210 cfr.
1676 3174 1744 3207 Cic.
1770 3186 1822 3219 ep.
1852 3178 1904 3208 11.
1930 3177 1987 3218 20,
2017 3178 2054 3215 l;
2082 3177 2139 3218 21,
2171 3178 2202 3211 1.

375 3239 431 3281 Η)
462 3238 528 3271 His
563 3237 770 3283 temporibus
797 3238 994 3272 Ciceronem
1018 3235 1230 3281 Philippicas
1264 3233 1436 3267 orationes
1460 3232 1495 3266 in
1522 3233 1707 3267 Antonium
1736 3233 1894 3269 habuisse
1919 3233 2023 3276 dicit,
2057 3233 2239 3268 Comitium
2263 3231 2406 3265 eundem

240 3299 398 3332 continua
421 3299 515 3333 rabie
543 3298 706 3332 lacerasse
735 3298 779 3341 (2.
810 3299 866 3340 64,
895 3297 954 3340 2.).
1008 3296 1074 3330 Sed
1099 3296 1246 3341 primum
1273 3294 1389 3329 Cieero
1418 3293 1561 3328 Senatus
1586 3296 1821 3338 propugnator
1844 3297 1927 3334 erat,
1953 3293 2204 3336 Antoniumque
2229 3290 2408 3334 adgressus
