2709 3576
1307 117 1368 164 29

1297 344 1382 387 XV.

383 455 624 509 Priusquam
646 457 738 497 huic
766 457 1044 511 disputationis
1070 457 1177 511 parti
1203 457 1324 496 finem
1350 458 1598 511 imponamus
1625 450 1743 509 (IIII,
1765 459 1852 507 10),
1883 458 1995 509 quasi
2016 457 2265 497 corollarium
2285 459 2407 509 quod·

251 534 346 574 dam
376 533 428 573 de
452 532 665 587 prouinciis
688 546 818 588 pauca
845 533 1032 574 addenda
1060 538 1164 573 sunt.
1218 533 1561 574 Considerandum
1589 540 1723 573 autem
1749 541 1905 573 tantum
1935 535 2050 573 modo
2080 540 2162 583 est,
2193 547 2270 586 quo
2288 535 2406 574 modo

252 610 435 650 Velleius
458 611 501 651 in
527 611 602 650 hac
628 624 673 650 re
703 612 944 665 exponenda
967 614 1155 651 uersatus
1183 611 1244 651 sit.
1288 611 1458 666 Semper
1485 625 1583 652 uero
1596 612 1637 651 id
1654 611 1834 651 Velleius
1850 619 2054 666 spectasse
2072 612 2242 660 uidetur,
2270 616 2407 651 utnon

254 689 413 742 quando
438 691 549 729 terra
577 690 773 742 quaedam
803 689 984 729 subiecta
1009 701 1107 728 uere
1135 690 1177 729 in
1199 690 1425 744 prouinciae
1442 692 1610 730 formam
1627 691 1880 742 redigeretur
1895 690 2091 737 definiret,
2116 691 2188 729 sed
2206 703 2230 730 a
2247 703 2323 743 quo
2353 690 2408 729 ita

252 767 503 807 subiceretur
531 766 809 821 perscriberet,
838 770 884 807 ut
913 779 1116 820 nunquam
1135 771 1276 822 postea
1301 781 1324 808 a
1343 767 1532 827 Romanis
1552 768 1724 807 deficere
1747 769 1925 808 auderet.
1965 769 2051 808 Hoc
2078 769 2200 822 igitur
2219 768 2407 822 temporis

250 848 442 899 punctum
479 848 521 884 et
547 847 761 897 antequam
787 844 992 898 prouincia
1016 857 1114 883 uere
1140 845 1353 885 constituta
1381 852 1445 885 est
1481 860 1571 885 csse
1602 851 1754 899 potest,
1798 852 1839 886 et
1866 851 2024 900 postea3
2063 852 2193 900 potest
2219 847 2341 886 etiam
2368 846 2408 885 in

250 921 357 962 idem
385 925 598 975 utrumque
626 926 784 976 tempus
813 922 999 962 incidere.
1044 922 1161 968 Quod
1191 922 1327 962 statim
1355 924 1404 962 ab
1432 923 1541 962 initio
1568 923 1607 962 in
1624 923 1758 963 Sicilia
1785 923 2125 963 animaduertitur.
2169 924 2408 975 Quanquam

252 982 358 1038 eniin
385 999 518 1039 Sicilia
548 1012 573 1039 a
597 1000 650 1038 M.
681 999 857 1039 Laeuino
893 1000 1055 1038 demum
1086 1012 1251 1053 prorsus
1285 1000 1462 1040 subiecta
1501 1007 1576 1049 est,
1606 1001 1830 1053 Agrigento
1857 1006 1972 1055 capto
2002 1002 2225 1053 ceterisque
2254 1000 2408 1054 oppidis

250 1077 291 1118 in
316 1078 557 1118 deditionem
584 1077 757 1131 receptis
781 1077 880 1130 (Liu.
903 1078 966 1127 26,
982 1079 1035 1118 40
1066 1080 1191 1118 extr.:
1222 1077 1282 1119 Ec
1313 1078 1425 1134 quod
1452 1078 1512 1120 ad
1534 1077 1730 1120 Siciliam
1761 1079 1924 1130 attinet,
1954 1094 1999 1120 eo
2030 1094 2141 1120 anno
2161 1076 2409 1119 debellatum

253 1157 361 1206 est.):
413 1160 548 1195 tamen
594 1169 618 1195 a
654 1155 848 1195 Marcello
891 1156 1018 1209 captis
1055 1155 1268 1209 Syracusis
1308 1157 1483 1197 maxima
1524 1157 1620 1196 belli
1664 1157 1788 1196 moles
1832 1164 2021 1211 superata
2057 1162 2119 1196 est
2151 1157 2201 1207 (2.
2238 1156 2310 1203 38,
2341 1156 2406 1206 2.).

255 1232 363 1272 Illud
391 1237 527 1273 autem
553 1233 709 1273 omnino
735 1246 814 1272 non
841 1232 1064 1287 respicitur,
1091 1233 1201 1273 finito
1229 1233 1354 1287 primo
1383 1234 1488 1273 bello
1503 1233 1653 1273 Punico
1673 1234 1959 1274 occidentalem
1978 1234 2131 1273 insulae
2151 1238 2307 1287 partem
2331 1232 2410 1272 Ro-

253 1323 461 1350 manorum
499 1310 664 1365 imperio
701 1310 922 1351 subiectam
956 1323 1046 1350 esse
1085 1310 1292 1364 (Polybius
1326 1313 1363 1360 1,
1390 1312 1452 1353 63.
1495 1309 1671 1351 Zonaras
1702 1311 1745 1360 8,
1780 1313 1826 1351 17
1855 1326 1890 1366 p.
1929 1312 2040 1362 163.)
2113 1311 2260 1351 Postea
2303 1309 2408 1350 enim

254 1387 443 1427 uniuersa
479 1387 611 1428 insula
648 1387 793 1427 iterum
829 1388 977 1428 amissa
1009 1390 1082 1427 est.
1139 1387 1256 1427 Idem
1282 1388 1321 1427 in
1351 1387 1568 1442 Hispanias
1602 1389 1719 1428 cadit.
1773 1388 1955 1441 Namque
1987 1389 2078 1428 inde
2107 1389 2157 1428 ab
2186 1401 2289 1428 anno
2317 1387 2406 1427 549.

254 1465 514 1516 magistratus
545 1465 710 1504 annales
749 1465 789 1504 in
816 1464 1033 1518 Hispanias
1074 1465 1177 1505 mitti
1206 1466 1387 1505 solebant
1417 1466 1535 1520 (App.
1564 1465 1698 1505 Mithr.
1729 1467 1819 1516 38.)
1877 1466 2066 1506 Insecuta
2095 1471 2229 1505 autem
2259 1468 2322 1504 est
2349 1477 2408 1503 se-

255 1540 350 1580 ditio
376 1540 596 1581 Viriathica
622 1541 866 1581 Numantina
890 1541 1130 1582 Sertoriana.
1184 1542 1250 1582 Ab
1279 1542 1496 1582 Octauiano
1522 1543 1683 1582 demum
1712 1545 1751 1582 in
1778 1543 1911 1583 Iberia
1939 1543 2184 1582 debellatum
2215 1548 2278 1581 est
2309 1541 2407 1592 (Liu.

255 1618 320 1666 28,
355 1619 411 1658 12.
440 1618 775 1659 Mitscherlichius
803 1619 855 1658 ad
884 1618 980 1659 Hor.
1006 1618 1136 1659 Carm.
1162 1620 1198 1659 2.
1229 1620 1265 1668 6,
1291 1620 1356 1669 2.).
1426 1619 1575 1660 Contra
1602 1620 1837 1659 Macedonia
1872 1625 1962 1673 post
1996 1633 2172 1673 pugnam
2199 1619 2409 1672 Pydneam

255 1695 364 1748 prius
381 1695 604 1748 perdomita
628 1698 702 1743 est,
732 1709 851 1748 quam
868 1696 974 1736 facta
991 1696 1248 1749 stipendiaria
1276 1695 1363 1750 (Ep.
1386 1696 1473 1735 Lim·
1492 1698 1554 1736 45.
1581 1695 1837 1738 Macedonia
1855 1698 1897 1750 [a
1915 1696 2075 1749 Paullo]
2096 1698 2142 1738 z'n
2153 1696 2409 1752 prouinciae.

247 1772 442 1830 formam
468 1772 643 1814 redacta
671 1781 742 1815 est.
773 1774 843 1813 cfr.
873 1773 1174 1826 Marquardtius
1200 1776 1236 1816 3.
1259 1777 1291 1824 l,
1313 1776 1386 1815 116
1400 1775 1487 1824 40.)
1552 1775 1671 1822 Quod
1702 1790 1791 1815 cum
1822 1776 1973 1815 liberae
2002 1775 2262 1815 Macedoniae
2290 1775 2409 1814 finem

255 1851 378 1891 fuisse
409 1854 547 1892 narret
579 1851 760 1891 Velleius
787 1853 839 1904 (2.
857 1852 922 1901 38,
937 1853 1013 1904 5.),
1041 1853 1272 1907 Illyricum,
1303 1854 1443 1893 eodem
1470 1854 1587 1894 modo
1616 1854 1785 1893 liberum
1815 1867 1904 1894 esse
1934 1854 2084 1894 iussum
2113 1864 2231 1906 atque
2261 1853 2299 1893 in
2327 1859 2410 1893 tres

256 1931 392 1983 partes
424 1929 681 1969 distributum
706 1929 806 1982 (Liu.
838 1932 902 1980 45,
933 1932 985 1971 26
1015 1932 1149 1983 extu),
1173 1945 1210 1972 a
1239 1931 1395 1972 Tiberio
1432 1932 1593 1972 demum
1630 1932 1931 1986 stipendiarium
1966 1946 2055 1972 esse
2085 1934 2234 1972 factum
2274 1931 2412 1970 definit

257 2007 308 2058 (2,
335 2007 399 2057 39,
424 2007 488 2058 3.).
546 2007 603 2047 At
623 2007 703 2046 iam
733 2007 898 2049 Caesari
926 2022 1006 2064 una
1036 2022 1127 2048 cum
1143 2009 1285 2051 Galliis
1310 2010 1518 2063 Illyricum
1546 2010 1750 2064 prouincia
1778 2010 1873 2050 data
1895 2014 1957 2049 est
1986 2010 2074 2061 (Dio
2095 2010 2158 2058 38,
2185 2009 2209 2050 8
2237 2024 2272 2063 p.
2291 2008 2408 2059 384.)

258 2083 339 2125 Sed
366 2086 513 2133 tamen,
542 2085 737 2125 Delmatis
767 2098 791 2125 a
811 2084 979 2125 Tiberio·
997 2086 1197 2135 subiectis,
1224 2086 1423 2126 Delmatia
1453 2087 1615 2126 demum
1641 2086 1843 2141 prouincia
1872 2087 2056 2127 adiuncto
2076 2086 2241 2140 Illyrico
2271 2086 2411 2126 consti-

256 2165 344 2202 tuta
374 2142 535 2201 uidetur
563 2161 879 2215 (Marquardtius
907 2162 944 2202 d.
977 2163 1050 2204 113
1063 2165 1154 2213 ²⁰.l,
1180 2166 1228 2203 ut
1261 2164 1363 2204 hanc
1390 2164 1635 2218 prouinciam
1662 2178 1816 2217 quoque
1847 2164 2003 2204 Tiberio
2032 2164 2274 2204 attribuendi
2302 2176 2411 2203 occa-

257 2239 314 2280 sio
342 2243 460 2279 esset.
501 2239 625 2279 Porro
653 2239 808 2281 Achaia
835 2244 970 2280 utrum
995 2254 1019 2281 a
1040 2241 1232 2281 Mummio
1260 2254 1356 2281 uere
1383 2241 1423 2281 in
1449 2241 1677 2295 prouinciae
1709 2242 1875 2281 somnam
1903 2243 2067 2282 redacta
2095 2242 2147 2282 sit
2176 2242 2226 2293 (2.
2251 2241 2314 2289 38,
2344 2242 2409 2292 5.),

257 2329 309 2357 an
336 2320 476 2371 postea
505 2317 677 2365 demum,
706 2318 913 2358 dubitatur
944 2318 1261 2371 (Marquardtius
1283 2320 1362 2359 Ν121
1397 2333 1452 2371 sq.
1482 2319 1770 2358 Mommsenius
1799 2321 1835 2368 2,
1874 2321 1948 2359 146
1977 2321 2063 2372 sq).
2123 2319 2203 2359 Sed
2231 2318 2411 2357 Velleius

257 2394 342 2434 sine
376 2394 496 2446 dubio
526 2398 634 2434 recte
657 2394 849 2436 Mummio
877 2395 1053 2436 Achaiae
1077 2396 1303 2437 debellatae
1331 2396 1499 2448 gloriam
1527 2397 1734 2450 adsignat,
1770 2405 1982 2452 propterea
2010 2397 2115 2450 quod
2143 2400 2261 2450 capta
2276 2396 2411 2438 Corin-

257 2473 326 2512 tho
345 2471 517 2514 Graecia
548 2473 691 2514 dicioni
717 2474 924 2515 Romanae
954 2474 1132 2515 subiecta
1155 2478 1227 2515 est.

391 2551 601 2590 Interdum
637 2551 981 2592 autem-Velleius
1017 2554 1202 2606 apertum
1238 2565 1415 2592 errorem
1440 2551 1481 2591 in
1511 2565 1555 2591 se
1579 2552 1763 2592 admittit.
1820 2553 1884 2592 Ita
1907 2553 2045 2592 Asiam
2073 2566 2096 2592 a
2127 2551 2181 2591 M.
2207 2551 2412 2606 Perperna

259 2628 478 2669 subiectam
503 2641 593 2668 esse
620 2621 846 2670 adseuerat.
901 2629 1020 2677 Quod
1047 2630 1288 2670 necessitate
1312 2630 1483 2683 quadam
1507 2630 1696 2670 cohaeret
1719 2643 1807 2669 cum
1846 2630 1923 2680 eis,
1959 2643 2060 2684 quae
2091 2643 2212 2684 supra
2240 2629 2306 2681 (V,
2340 2630 2412 2680 13.)

257 2718 349 2745 eum
377 2707 428 2745 de
445 2705 651 2760 Perperna
676 2707 778 2746 falso
803 2707 960 2747 narrari
985 2694 1253 2760 cognouimus.
1294 2707 1397 2748 Nam
1421 2707 1501 2759 ille,
1528 2720 1755 2760 quanquam
1779 2707 2046 2747 Aristonicum
2075 2708 2150 2748 iam
2177 2715 2337 2762 captum
2358 2712 2413 2746 te-

257 2783 391 2832 nebat,
415 2786 552 2823 tamen
581 2783 759 2823 aduentu
787 2784 1040 2844 successoris,
1070 2784 1138 2824 M!
1165 2784 1324 2838 Aquili,
1354 2797 1429 2837 quo
1456 2784 1587 2824 minus
1614 2797 1680 2824 res
1708 2784 1830 2824 Asiae
1862 2784 2077 2834 ordinaret,
2104 2784 2322 2839 prohibitus
2352 2787 2415 2823 est

257 2859 558 2913 Marquardtius
590 2860 765 2912 130⁴4.).
818 2861 908 2902 Non
945 2861 1075 2901 minus
1106 2862 1207 2902 falso
1244 2864 1402 2910 narrat,
1439 2861 1655 2902 Domitium
1689 2861 1936 2914 Fabiumque
1963 2862 2111 2916 primos
2140 2861 2294 2902 Gallias
2323 2875 2411 2901 cum

259 2936 443 2978 exercitu
470 2937 641 2978 intrasse
669 2938 747 2991 (39,
774 2940 836 2990 1.).
896 2938 989 2980 Sine
1024 2939 1143 2980 dubio
1181 2938 1286 2979 enim
1322 2939 1400 2980 iam
1423 2937 1604 2993 Opimius
1634 2939 1805 2991 Ligures
1840 2939 2001 2991 subegit
2036 2938 2189 2992 (Polyb.
2221 2940 2283 2980 33.
2310 2941 2347 2988 5,
2376 2940 2409 2978 7.

260 3015 295 3057 8.
325 3014 409 3054 Liu.
439 3015 532 3066 47.),
570 3029 738 3068 quorum
771 3018 906 3057 terrae
940 3016 1258 3057 Massiliensibus
1295 3016 1467 3057 traditae
1503 3020 1607 3057 sunt.
1672 3016 1820 3056 Fabius
1855 3020 1989 3056 autem
2022 3016 2172 3069 primus
2208 3029 2261 3055 ex
2298 3015 2412 3056 uictis

258 3091 543 3144 Allobrogibus
587 3105 808 3145 cognomen
846 3093 1102 3146 Allobrogico
1140 3094 1233 3134 tulit
1265 3085 1476 3146 (Ammian.
1510 3095 1569 3133 15.
1600 3095 1667 3142 12,
1705 3094 1729 3132 5
1756 3093 1847 3143 W.).
1885 3116 1939 3123 —-
1990 3093 2144 3132 Deinde
2179 3093 2348 3133 Galatas
2390 3107 2414 3133 a

260 3168 329 3211 Cn.
360 3168 510 3224 Manlio
539 3168 715 3209 Volsone
751 3172 961 3223 superatos
1000 3184 1109 3220 esse,
1143 3173 1316 3219 constat,
1353 3173 1394 3209 et
1431 3171 1635 3210 consulem
1668 3183 1721 3208 ex
1744 3183 1792 3209 ea
1819 3169 1984 3209 uictoria
2014 3170 2281 3223 triumphasse
2311 3169 2412 3222 (Liu.

260 3247 324 3297 38,
354 3246 427 3295 39;
450 3245 514 3296 39,
538 3246 603 3297 6.).
658 3245 851 3286 Attamen
881 3259 949 3297 eo,
978 3247 1083 3300 quod
1110 3248 1212 3287 bene
1241 3247 1291 3286 de
1318 3246 1522 3301 republica
1549 3247 1715 3286 meritus
1744 3253 1824 3296 est,
1852 3249 2062 3287 contentus
2087 3250 2185 3287 erat.
2242 3247 2415 3288 Galatae

259 3323 384 3378 igitur
415 3324 547 3377 quiete
575 3336 649 3378 per
677 3322 879 3364 Romanos
908 3337 1031 3378 agere
1055 3325 1221 3375 licebat,
1259 3324 1326 3378 qui
1354 3324 1503 3364 liberae
1531 3324 1704 3364 ciuitatis
1732 3324 1880 3363 uirtute
1909 3329 2046 3364 contra
2077 3325 2177 3366 alias
2206 3331 2350 3378 gentes
2373 3326 2415 3365 fi-
