2709 3576
1244 28 1247 29 ⁷
1285 35 1352 85 49

253 162 379 205 agero
405 148 610 199 maluisse,
638 147 747 198 dicit,
776 146 991 194 Suetonius
1020 147 1130 201 (25.),
1157 148 1271 187 metu
1289 146 1508 189 Clementis
1522 145 1763 200 Libonisque
1791 149 1835 187 et
1855 146 2066 188 exercitus
2081 145 2299 188 Pannonici
2311 147 2414 190 Ger-

254 226 478 284 manicique
513 236 607 267 eum
640 224 842 266 retentum
878 236 980 265 esse.
1040 224 1098 265 At
1126 222 1314 265 Clemens
1340 223 1578 265 seditionem
1607 223 1702 264 fecit
1727 226 1820 278 post
1846 226 2048 264 mortuum
2074 223 2237 265 demum
2267 224 2413 280 Agrip-

254 318 350 363 pam
379 304 625 347 Postumum.
682 301 875 344 Libonem
906 305 1043 344 autem
1070 315 1192 356 quam
1227 315 1307 343 non
1336 301 1513 342 timuerit
1535 300 1719 342 Tiberius
1755 315 1803 342 eo
1832 301 2151 353 demonstratur,
2188 302 2294 357 quod
2322 306 2415 359 post

255 383 458 425 biennium
472 381 635 422 demum
647 379 689 420 in
703 380 857 421 Senatu
873 376 966 419 eum
983 380 1201 430 accusauit,
1224 380 1382 420 interim
1409 392 1555 420 cauere
1570 380 1669 419 satis
1688 380 1872 420 habebat.
1902 380 2052 421 Milites
2069 394 2167 422 uero
2185 382 2328 422 seditio
2356 382 2413 422 in-

256 459 380 501 cessit
404 456 515 512 (Tac.
547 458 582 507 1,
613 456 702 508 16.),
738 459 951 512 postquam
980 455 1164 497 Tiberius
1201 457 1282 497 iam
1318 456 1529 511 imperium
1570 458 1724 496 certum
1752 456 1892 497 tenuit.
1953 456 2068 497 Vnus
2095 458 2218 510 igitur
2244 458 2413 501 Germa?

256 537 371 577 nicus
396 533 646 586 relinquitur,
674 532 786 573 cuius
811 536 923 574 metu
951 532 1154 575 Tiberium
1177 534 1365 574 territum
1393 546 1483 573 esse
1510 532 1673 573 Tacitus
1705 536 1738 583 1,
1760 535 1795 574 7.
1822 548 1979 587 quoque
2008 535 2205 576 adfirmat.
2252 535 2410 591 Quippe

258 626 348 653 cum
384 611 453 652 ille
491 622 641 663 magna
665 610 773 665 apud
803 610 993 666 populum
1019 611 1152 665 gratia
1181 611 1381 664 gauderet
1422 623 1693 664 magnumque
1720 624 1855 651 secum
1883 612 2053 652 haberet
2076 613 2324 662 exercitum,
2361 626 2412 653 ne

257 693 397 731 tenere
430 687 640 742 imperium
668 700 788 741 quam
816 691 1057 743 exspectare
1084 688 1243 738 mallet,
1290 688 1511 728 timendum
1543 691 1632 728 erat
1660 687 1769 740 (Tac.
1791 691 1824 738 1,
1840 689 1932 739 35.).
1985 689 2092 735 Quid
2126 691 2248 729 uero?
2286 690 2413 730 rebel-

256 766 431 808 lantibus
468 764 692 817 legionibus
729 778 852 820 seque
879 765 932 806 ad
958 765 1169 820 imperium
1194 755 1325 820 ipsum
1353 770 1566 805 euecturas
1594 778 1685 805 esse
1713 767 2054 820 promittentibus,
2090 767 2225 807 nullus
2253 766 2411 807 Tiberio

257 846 390 886 metus
418 840 649 885 Germanici
685 842 934 898 militumque
971 844 1094 883 fuisse
1128 843 1299 884 uidetur.
1368 843 1476 882 lllud
1512 849 1647 883 autem
1675 844 1804 896 magis
1832 857 1855 883 e
1887 858 1930 884 re
1957 844 2121 884 uidetur
2146 857 2260 894 esse,
2306 844 2411 897 quod

256 922 481 971 Tiberium,
522 921 659 963 multis
685 924 805 963 antea
828 921 967 963 Liuiae
995 921 1149 963 artibus
1177 921 1370 971 adiutum,
1398 934 1423 962 a
1449 911 1595 976 populo
1621 921 1831 976 imperium
1854 922 2021 977 adipisci
2058 921 2233 963 uoluisse
2262 925 2401 963 narrat

256 1001 450 1041 Attamen
478 1002 580 1041 bene
612 1000 899 1041 animaduertit
926 999 1151 1042 Sieuersius
1180 1003 1234 1052 (1,
1266 1000 1342 1052 18.)
1382 999 1501 1039 simul
1528 997 1688 1039 Tiberio
1725 999 1949 1039 cauendum
1977 1000 2100 1040 fuisse
2117 1032 2127 1050 ,
2165 1013 2217 1040 ne
2245 999 2411 1041 Senatui

257 1059 328 1126 ius
350 1077 391 1117 in
409 1080 616 1132 posterum
643 1071 834 1131 principis
855 1077 1096 1130 designandi
1125 1078 1424 1118 concederetur.
1484 1077 1629 1130 Itaque
1659 1090 1756 1117 sane
1783 1081 1883 1127 erat,
1914 1078 2019 1131 quod
2047 1078 2088 1117 in
2116 1081 2230 1119 tanta
2242 1077 2411 1118 difficul-

257 1158 342 1195 tate
371 1157 639 1195 cunctaretur.
698 1154 780 1196 Sed
816 1158 952 1195 tamen
978 1154 1013 1195 si
1046 1167 1143 1195 uere
1174 1154 1373 1195 infirmum
1401 1154 1586 1195 Tiberius
1621 1154 1831 1209 imperium
1859 1167 1949 1194 esse
1977 1157 2180 1209 putasset,
2217 1154 2413 1208 quomodo

257 1231 393 1272 statim
431 1233 483 1272 ab
517 1232 629 1272 initio
662 1232 808 1286 populo
845 1232 1091 1272 comitiorum
1128 1233 1191 1272 ius
1229 1232 1385 1286 eripere
1421 1232 1597 1287 potuerit
1632 1232 1805 1282 audere,
1836 1232 1954 1286 plane
1992 1246 2070 1272 non
2109 1232 2414 1285 intellegeretur

258 1308 380 1361 (Vell.
397 1309 432 1348 2.
456 1310 542 1357 124,
562 1310 598 1350 3.
633 1310 767 1359 1263.
797 1308 889 1350 Tac.
913 1311 944 1358 1,
970 1311 1028 1349 15.
1057 1308 1326 1363 Nipperdeius
1354 1310 1406 1350 ad
1422 1310 1458 1350 h.
1476 1310 1529 1361 l.).
1572 1309 1814 1363 Quanquam
1842 1309 1949 1348 enim
1973 1313 2045 1349 aut
2062 1312 2224 1364 praesto
2242 1309 2280 1349 ei
2297 1313 2413 1349 erant

257 1387 433 1439 Augusti
468 1388 617 1442 scripta
645 1388 729 1442 (26,
750 1388 805 1438 3.)
843 1391 913 1428 aut
949 1387 1153 1428 simulauit
1181 1400 1290 1438 esse,
1328 1390 1461 1428 tamen
1491 1401 1541 1429 ea
1568 1387 1720 1428 nullam
1746 1386 1828 1427 uim
1856 1385 2057 1436 habuisse,
2086 1399 2160 1441 per
2189 1399 2233 1426 se
2260 1386 2413 1427 clarum

258 1468 322 1504 est
345 1463 570 1517 (Hoeckius
598 1466 636 1514 3,
663 1467 755 1515 51.).

391 1541 507 1588 Quae
545 1542 690 1582 librum
722 1542 923 1582 concludit
958 1543 1093 1583 breuis
1121 1543 1172 1582 de
1200 1542 1342 1596 imperi
1368 1542 1569 1583 Tiberiani
1608 1542 1723 1583 annis
1763 1541 1938 1582 sedecim
1973 1542 2172 1597 prioribus
2200 1541 2413 1591 enarratio,

259 1631 485 1673 quanquam
525 1619 684 1671 singula
714 1632 896 1672 quaeque
929 1619 996 1658 uel
1026 1633 1080 1659 ex
1107 1619 1245 1659 Tacito
1284 1632 1382 1660 uera
1409 1633 1500 1660 esse
1528 1620 1836 1674 comprobantur
1862 1618 2049 1671 (XXIII,
2078 1621 2129 1659 44
2160 1632 2197 1659 n.
2226 1620 2319 1670 61.),
2355 1622 2414 1659 ta·

259 1710 352 1736 men
382 1686 509 1738 recte'
527 1696 772 1751 panegyrico
803 1696 984 1746 similior,
1013 1710 1133 1750 quam
1161 1709 1297 1736 rerum
1323 1696 1527 1751 scriptioni
1556 1696 1797 1751 adpellatur.
1856 1696 2048 1736 Attamen
2078 1709 2157 1737 non
2184 1701 2267 1747 est,
2307 1696 2412 1750 quod

259 1773 440 1828 singulas
471 1786 537 1815 res
558 1786 649 1815 cum
665 1772 803 1814 Tacito
827 1786 1115 1836 comparemus,
1146 1774 1384 1829 praesertim
1403 1787 1495 1815 cum
1510 1777 1638 1816 totum
1655 1774 1761 1814 hunc
1779 1773 1910 1814 locum
1932 1774 2133 1814 uberrime
2148 1773 2414 1829 explicauerit

260 1850 496 1893 Sieuersius.
552 1846 633 1900 Qui
655 1850 813 1892 Velleio
840 1851 1001 1905 quidem
1027 1865 1101 1907 per
1130 1865 1174 1892 se
1203 1852 1355 1893 nullam
1379 1852 1607 1894 habendam
1642 1856 1782 1892 censet
1803 1851 1924 1892 fidem
1937 1884 1947 1901 ,
1984 1852 2057 1892 sed
2083 1857 2125 1893 et
2155 1852 2192 1892 ei
2218 1854 2261 1893 et
2275 1850 2413 1893 Tacito
2437 1906 2439 1909 .

261 1930 457 1970 oratorias
482 1929 832 1985 amplificationes,
860 1930 902 1969 in
935 1929 1119 1970 diuersas
1145 1932 1285 1984 partes
1312 1930 1458 1980 factas,
1486 1929 1760 1973 detrahendas
1788 1943 1892 1980 esse,
1919 1934 1964 1970 ut
1992 1943 2091 1971 uera
2123 1929 2258 1971 Tiberi
2281 1930 2414 1983 imago

264 2006 469 2046 informari
498 2007 633 2061 possit.

460 2784 680 2828 Typothetae
706 2797 822 2821 errore
846 2797 878 2829 p.
895 2788 917 2820 3
942 2797 974 2821 ιι.
999 2787 1023 2819 4
1050 2796 1113 2829 pro
1137 2788 1366 2821 contineri
1400 2789 1563 2830 seriptum
1597 2793 1647 2822 est
1682 2790 1931 2822 continere.
1982 2789 2064 2822 Alia
2095 2797 2208 2823 errata

1153 2843 1263 2878 facile
1295 2846 1514 2887 corrigentur.
