2709 3576
1324 49 1367 99 v9¹

258 159 811 219 mflffitmw
838 158 993 208 m
1009 160 1562 216 pounb-mmmmm
1576 163 1917 215 mpugnatorem
1940 160 2078 215 puni-i
2088 161 2421 203 obliuiscerentur

258 235 746 299 minabundus
765 236 984 291 :me
1005 236 1226 292 *pand-ns
1246 237 1307 286 ab
1329 250 1380 280 eo
1402 237 1534 293 gestis
1558 236 1775 281 loudsndis
1800 250 1956 279 summo
1983 237 2118 282 studio
2143 238 2421 281 uersarentur.

260 311 939 369 summasunmna}
960 314 1142 369 tan-pom
1168 311 1229 358 mi
1253 315 1379 359 not-ti
1407 314 1692 371 merom,
1719 326 1794 355 neo
1814 327 1888 369 pro
1908 314 2115 370 republica
2138 328 2342 370 pugnasse
2361 316 2420 357 ui-

259 390 886 457 manv-,wrm
905 389 1067 437 auxilie
1090 393 1231 435 oontte
1255 391 1447 447 populum
1468 390 1700 437 Romanum
1726 403 1930 443 euoeasse.

286 505 316 511 ,.
341 514 352 518 Μ
379 470 546 519 omn-a
575 467 740 523 malem
773 467 952 522 plinrm
986 470 1211 522 temporum
1244 468 1565 515 axionum
1599 482 1646 510 se
1680 469 1929 523 praestiterit
1957 468 2157 519 Velleius,
2191 469 2312 511 ualde
2351 484 2420 525 po-

261 553 358 600 test,
378 545 595 594 duuiani-22
619 543 726 592 Nam
751 557 938 602 wgo,
961 545 1071 598 quod
1096 544 1248 587 Caesar
1273 546 1528 601 popularium
1550 544 1725 601 portium
1750 545 1884 587 fautor
1909 545 2130 587 exsisteret
2163 559 2312 599 easque
2339 559 2417 588 om>-

260 626 379 675 nffius
393 623 533 670 modis
560 621 785 671 adiuuaret,
813 620 967 666 factum
992 621 1056 671 sit,
1082 623 1129 663 ut
1154 622 1251 676 reip.
1279 622 1429 664 liberae
1455 624 1585 664 forma
1620 623 1876 664 disiceremr;
1919 636 2016 664 sane
2055 623 2163 664 subit
2194 623 2420 673 admiratio,

239 701 367 756 ‚quod
400 699 575 755 partium
608 697 859 753 optimatium
894 704 1015 751 quam
1049 697 1301 753 popularium
1336 699 1761 742 studiosiorVelleius
1796 699 1993 740 uideatur.
2034 700 2116 741 .Ita
2143 699 2419 742 Gracchorum

262 777 499 819 seditionem
538 788 594 816 ex
631 775 768 815 furore
801 774 976 828 quodam
1011 775 1232 828 profectam
1272 789 1362 816 esse
1397 777 1495 819 dicit
1520 777 1573 828 (2.
1605 777 1643 825 6,
1673 778 1742 827 1.),
1780 789 1857 828 quo
1884 777 2042 817 accensi
2078 790 2103 817 a
2139 776 2252 817 bonis
2292 777 2420 817 desci-

261 855 423 894 scerent
449 852 501 905 (2.
520 852 558 901 2,
573 852 648 903 2.),
676 851 831 904 gloriae
859 853 977 891 sexto
1003 850 1111 891 Mari
1137 852 1359 892 consulatui
1386 852 1591 892 cumulum
1618 852 1838 892 accessisse
1865 853 2066 907 oppressis
2087 853 2256 894 Glaucia
2283 858 2326 893 et
2347 853 2419 894 Sa·

260 929 420 972 turnino
457 929 509 983 (2.
543 929 611 979 12,
640 929 711 981 6.);
749 928 896 969 deinde
922 927 967 967 L.
995 927 1165 968 Mummi
1191 928 1233 970 C.
1262 929 1368 970 Mari
1393 929 1448 970 M.
1478 929 1682 971 Ciceronis
1715 929 1871 970 nouitas
1906 934 2240 970 commemoratur
2269 931 2320 982 (1.
2357 930 2417 980 13,

259 1007 298 1048 2.
326 1006 363 1048 2.
396 1006 457 1057 12,
485 1007 522 1048 5.
551 1006 618 1064 34,
644 1006 710 1057 3.).
774 1004 968 1048 Attamen
1003 1004 1121 1045 facile
1158 1003 1307 1054 elucet,
1343 1019 1393 1046 ne
1418 1006 1552 1047 omnia
1577 1005 1761 1059 quidem,
1792 1019 1895 1059 quae
1932 1020 1957 1047 a
1993 1007 2198 1047 nobilitate
2235 1007 2419 1061 perfecta

260 1086 366 1135 sunt,
392 1091 488 1125 eum
513 1076 704 1129 laudibusv
726 1081 925 1139 persequi.
956 1081 1295 1138 “Reprehenditur
1316 1083 1535 1134 Seruilius,
1552 1083 1620 1137 qui
1648 1084 1803 1134 fraude,
1831 1097 1910 1125 non
1938 1084 2087 1125 uirtute
2106 1083 2335 1125 Viriathum
2360 1084 2418 1125 in-

259 1162 467 1205 tarfeoerit
493 1163 545 1215 (2.
568 1163 600 1213 1,
616 1162 687 1213 3.)‚
711 1160 753 1202 in
780 1160 905 1202 duces
927 1159 1142 1210 inuehitur,
1169 1159 1344 1201 maxime
1370 1161 1617 1217 Pompeium,
1647 1162 1716 1215 qui
1741 1162 1907 1216 propter
1933 1163 2181 1204 inscientiam
2209 1163 2416 1204 debellare

260 1252 340 1280 non
374 1238 593 1294 potuerint,
638 1238 712 1280 sed
746 1238 800 1279 ad
833 1236 1065 1293 tiu-pissima
1105 1236 1272 1279 foedera
1306 1251 1331 1278 a
1365 1238 1568 1295 Lusitanis
1606 1238 1770 1279 deducti
1807 1239 1888 1279 sint
1910 1240 1961 1292 (2.
1995 1242 2028 1290 1,
2055 1243 2130 1291 4.),
2173 1243 2418 1294 notaturque

261 1316 452 1368 Senatus,
498 1316 605 1371 quod
640 1316 771 1358 sulum
795 1315 1028 1358 Mancinum
1055 1315 1217 1356 tradere
1245 1314 1434 1366 uoluerit,
1472 1315 1708 1371 Pompeium
1744 1316 1902 1369 gratiae
1938 1329 2082 1357 caussa
2108 1317 2332 1372 inpunitum
2360 1318 2418 1356 di·

262 1394 416 1435 miserit
441 1395 494 1446 (2.
527 1396 562 1444 1,
576 1395 649 1445 5.);
676 1393 824 1434 deinde
847 1392 995 1435 Gaium
1018 1391 1248 1434 Gracchum
1273 1393 1396 1433 atroci
1423 1393 1585 1440 scelere.
1605 1393 1851 1434 trucidatum
1877 1406 1969 1433 esse
1998 1394 2105 1443 dicit,
2135 1394 2254 1434 Fului
2281 1394 2417 1434 Flacci

259 1471 318 1511 fili
354 1483 511 1514 necem.
528 1469 683 1510 facinus
720 1468 882 1510 unicum
907 1467 1032 1509 fuisse
1060 1468 1111 1521 (2.
1138 1468 1184 1517 7,
1206 1469 1276 1523 .¹·)·
1332 1468 1467 1510 Sullae
1494 1469 1668 1522 denique
1695 1460 2004 1524 proscriptiones
2032 1470 2286 1510 acerbissime
2319 1483 2418 1511 exa-

261 1547 443 1599 gitantur
470 1546 523 1599 (2.
555 1547 616 1595 17,
648 1548 686 1594 1;
715 1546 780 1595 22,
811 1546 844 1586 1.
873 1545 938 1594 25,
966 1545 1008 1587 3..
1032 1545 1097 1595 27,
1124 1546 1161 1587 5.
1193 1545 1258 1595 28,
1287 1545 1351 1597 2.).
1406 1545 1522 1588 Haec
1556 1559 1648 1587 cum
1684 1546 1735 1586 de
1771 1546 1938 1600 singulis
1978 1547 2175 1587 nobilibus
2202 1547 2300 1587 uiris
2328 1560 2417 1602 pro-

260 1624 377 1673 ferat,
404 1622 623 1664 nobilitatis
648 1622 776 1677 ipsius
802 1621 910 1666 facta
936 1634 1017 1663 non
1044 1621 1196 1663 minore
1224 1622 1394 1663 ueritate
1419 1622 1624 1664 diiudicat.
1685 1623 1751 1664 Ita
1777 1623 1927 1664 bellum
1955 1631 2046 1664 cum
2071 1623 2416 1676 Karthaginiensi-

261 1702 336 1741 bus
371 1700 536 1741 tertium
573 1712 654 1740 non
681 1712 737 1741 ex
763 1699 822 1740 eis
850 1701 982 1741 ortum
1009 1712 1100 1740 esse
1122 1699 1238 1749 dicit,
1276 1713 1377 1752 quae
1405 1699 1509 1741 salsa
1537 1700 1590 1740 de
1618 1699 2022 1753 Karthaginiensibus
2049 1701 2415 1751 circumferrentur,

260 1777 334 1818 sed
368 1777 474 1830 quod
509 1776 639 1817 deleri
665 1776 960 1829 Karthaginem
987 1775 1085 1817 utile
1112 1776 1319 1817 uideretur
1346 1778 1396 1829 (1.
1422 1777 1483 1827 12,
1510 1777 1547 1817 2.
1576 1777 1747 1832 Appian.
1777 1776 1876 1817 Pun.
1907 1779 1968 1817 74.
2006 1776 2033 1832 ἡ
2066 1779 2107 1821 δὲ
2137 1779 2277 1832 βουλή·
2293 1778 2419 1822 πάλαι

263 1859 510 1908 διεγνωκυῖα
541 1860 769 1908 πολεμῆσαι
795 1857 865 1897 καὶ
891 1854 1121 1908 προφάσεις
1150 1854 1434 1909 ἐρεσχελυιῖσιι).
1492 1852 1585 1894 Non
1605 1853 1724 1894 aliter
1746 1854 1930 1894 nobilitas
1946 1854 2209 1908 uituperatur,
2237 1861 2417 1910 propter-

262 1944 312 1972 ea
342 1931 449 1984 quod
483 1934 526 1972 et
566 1931 713 1978 iniuste
747 1932 800 1983 (2.
834 1932 903 1980 15,
927 1931 969 1982 3)
1007 1933 1049 1970 et
1083 1930 1169 1971 sine
1205 1930 1389 1970 utilitatis
1426 1922 1706 1983 intellegentia
1743 1934 1851 1983 (nam
1887 1931 1939 1971 ad
1975 1945 2173 1971 summum
2201 1932 2418 1972 discrimen

262 2008 488 2062 respublica
516 2008 713 2062 perducta
739 2020 830 2048 esse
858 2007 1005 2048 dicitur
1030 2007 1087 2061 [2‚
1119 2008 1168 2048 16
1196 2006 1337 2060 extr.])
1364 2006 1479 2047 sociis
1506 2006 1660 2047 Italicis
1688 2007 1892 2047 ciuitatem
1920 2008 2184 2060 denegauerit
2211 2009 2297 2060 (cfr.
2327 2009 2418 2050 Flo-

262 2098 332 2125 rus
360 2085 397 2126 3.
430 2084 500 2134 18,
528 2085 564 2126 3.
595 2085 657 2138 [2,
692 2085 729 2125 6.
760 2084 798 2125 2.
824 2083 954 2137 H1m.]
990 2083 1208 2124 Boeclerus
1242 2097 1279 2138 p.
1307 2084 1425 2134 473.).
1506 2082 1688 2136 Denique
1728 2088 1931 2138 postrema
1974 2085 2124 2125 liberae
2173 2086 2418 2139 reipublicae

261 2164 395 2203 aetate
422 2174 447 2202 a
474 2161 606 2216 prisca
632 2174 787 2202 morum
816 2160 1002 2201 castitate
1029 2153 1278 2201 nobilitatem
1306 2160 1638 2212 degenerauisse,
1683 2160 1717 2200 si
1742 2174 1822 2200 non
1858 2160 2007 2201 diserte
2034 2163 2266 2216 exponitur,
2307 2166 2418 2202 certe

261 2238 435 2280 dilucide
463 2237 711 2291 significatur
739 2238 791 2290 (2.
821 2238 886 2288 26,
914 2238 980 2289 2.).
1024 2236 1130 2278 Nam
1155 2236 1312 2278 etiamsi
1338 2237 1379 2276 in
1393 2235 1567 2290 *Cinnam
1593 2237 1788 2278 acerrime
1818 2237 1906 2278 aliis
1929 2238 2026 2279 locis
2043 2238 2256 2288 inuehitur,
2281 2245 2417 2279 tamen

260 2319 400 2357 contra
425 2316 541 2368 leges
568 2315 820 2356 consulatum
846 2314 885 2354 ei
912 2328 969 2354 ex
997 2316 1162 2355 senatus
1189 2313 1423 2355 auctoritate
1451 2314 1691 2366 abrogatum
1719 2327 1810 2355 esse
1838 2314 2059 2355 rectissime
2086 2315 2244 2356 iudicat.

396 2390 566 2432 Omnino
599 2394 758 2441 autem,
792 2391 935 2444 siquod
967 2394 1032 2432 e’st
1063 2390 1280 2431 nobilitatis
1314 2389 1488 2444 partium
1522 2390 1719 2441 studium,
1755 2391 1916 2431 facilem
1946 2391 2047 2432 illud
2084 2392 2205 2431 habet
2240 2392 2417 2446 explica·

260 2472 376 2510 tum.-
401 2467 578 2509 Dubium
598 2468 706 2508 enim
724 2480 805 2508 non
831 2470 908 2517 est,
935 2468 1031 2521 quin
1049 2467 1311 2508 admiratione
1326 2479 1482 2508 summa
1500 2468 1706 2521 antiquam
1722 2481 1878 2508 morum
1890 2468 2185 2522 simplicitatem
2200 2469 2414 2509 describat.

261 2546 378 2594 Qme
420 2546 462 2586 in
505 2544 738 2593 uniuersum
770 2543 931 2599 saepius
967 2544 1220 2585 collaudatur
1247 2546 1310 2597 (1,
1342 2544 1399 2585 13.
1428 2544 1465 2584 5.
1496 2544 1544 2593 2,
1577 2545 1637 2586 10.
1672 2546 1724 2596 1.)
1758 2544 1835 2595 ita,
1873 2548 1918 2585 ut
1954 2558 2086 2585 mores
2120 2545 2244 2599 ipsius
2281 2544 2417 2586 Tiberi

260 2623 406 2670 aetatis
433 2624 701 2678 opponantur3
727 2621 824 2676 quin
850 2621 973 2662 etiam
1001 2621 1067 2671 fit,
1094 2623 1142 2661 ut
1166 2621 1266 2662 talia
1291 2620 1586 2676 praedicentur,
1623 2624 1815 2674 tanquam
1842 2635 1946 2675 quae
1971 2622 2171 2663 Romanos
2199 2636 2332 2662 mores
2359 2623 2417 2663 di-

258 2700 484 2754 stinguant,
519 2713 624 2754 quae
660 2712 758 2741 uere
773 2699 886 2740 ,fines
912 2699 1116 2740 excedant
1141 2699 1211 2738 uel
1235 2698 1441 2739 Romanae
1469 2698 1726 2752 pertinaciae.
1784 2698 1851 2739 Sic
1877 2699 1931 2738 M.
1960 2699 2111 2752 Popilio
2137 2698 2307 2740 Laenati
2335 2699 2416 2740 Ro-

258 2789 379 2820 mana
418 2778 643 2820 constantia
680 2777 888 2828 tribuitur,
932 2777 1002 2831 qui
1031 2776 1191 2829 Regem
1228 2776 1470 2816 Antiochum
1505 2776 1598 2815 rudi
1634 2779 1676 2815 et
1713 2789 1895 2816 sermone
1929 2781 1973 2816 et
2006 2779 2127 2829 gestu
2162 2777 2418 2830 perturbauit

259 2855 311 2907 (1.
347 2855 416 2904 10,
452 2855 506 2906 2).
561 2854 700 2896 ⁴Multo
741 2855 890 2897 rectius
909 2867 981 2895 ex
1017 2856 1155 2894 cetera
1190 2852 1277 2892 eius
1310 2852 1428 2893 animi
1459 2852 1681 2906 asperitate
1714 2852 1815 2892 illud
1852 2853 2000 2907 repetit
2034 2853 2172 2893 Liuius
2201 2855 2291 2905 (45,
2325 2855 2415 2905 12.).

258 2929 375 2972 Haec
398 2932 539 2972 autem
565 2944 721 2972 morum
752 2931 987 2987 simplicitas
1004 2943 1097 2972 cum
1114 2930 1221 2985 apud
1240 2929 1392 2970 nobiles
1408 2927 1568 2982 pristini
1584 2929 1776 2983 temporis
1792 2929 1970 2968 maxime
1986 2929 2248 2979 elucesceret,
2275 2943 2416 2970 eorum

257 3006 521 3049 oomtantiam
548 3004 781 3058 Velleium,.
796 3021 919 3062 quam
957 3007 1114 3063 prossani
1141 3006 1251 3059 uolgi
1277 2999 1779 3054 contentiones.maluisse,
1809 2995 2120 3046 consentaneum
2142 3010 2217 3046 est.

394 3084 475 3125 Sed
509 3085 616 3137 quod
643 3084 844 3138 Sauppius
875 3085 962 3127 169.
997 3083 1191 3138 exponit,
1212 3081 1429 3130 Velleium,
1468 3081 1536 3134 qui
1570 3085 1613 3121 et
1638 3081 1814 3121 anticum
1841 3081 1937 3135 reip.
1967 3086 2119 3122 statum
2147 3083 2419 3124 admiraretur

258 3164 302 3203 et
330 3174 477 3204 nouam
502 3160 689 3202 laudibus
712 3157 900 3212 efferret,
937 3160 1047 3202 nullo
1082 3159 1201 3201 modo
1236 3158 1590 3207 animaduertisse,
1631 3170 1750 3210 quam
1778 3170 1858 3198 non
1890 3162 2056 3212 possent
2095 3160 2196 3200 haec
2230 3160 2336 3200 inter
2372 3173 2417 3201 se

257 3238 476 3289 concilim-i,
509 3238 551 3278 id
587 3240 630 3278 et
660 3238 833 3279 libenter
868 3238 1020 3291 largior
1052 3241 1094 3277 et
1120 3236 1228 3278 haud
1255 3234 1471 3275 difficulter
1504 3238 1601 3289 puto
1637 3234 1830 3288 expediri.
1890 3234 2051 3275 Etenim
2077 3236 2289 3291 pristinam
2318 3238 2415 3292 reip.

2116 3303 2142 3343 2
