2709 3576
1308 121 1375 179 41,

257 223 2052 298 Μιῖῑοᾱορῶοῑύὺειὶυμεεα-Μὲῇ,ω,
2133 234 2156 280 1
2199 234 2218 281 Ῑ

257 312 629 357 amnne-mu
664 311 1502 369 μωιιωωωιαωΑιφωι..)
1536 305 2433 368 *03*me
2511 304 2515 317 ²

258 387 1373 443 motemnnitqmsemuraduubituimhnt.
1422 386 2431 445 mmmm&

259 465 452 520 (93,1.,)
494 465 565 520 qui
597 465 815 508 uidebatur
855 476 1256 516 successurusesse,
1274 459 2429 521 siperAmntsoeetffib‘fl-'bowss

260 544 332 584 err.
363 542 571 589 Hosokius
604 543 639 591 1,
667 541 789 593 349.)-
844 540 1089 586 Inserantu-
1122 543 1259 584 sutem
1284 540 1379 584 huic
1405 539 1627 584 nsrrstieni
1652 540 1762 585 bslls
1784 552 1813 584 s
1837 538 2090 586 moriem
2098 539 2249 587 Druso
2242 541 2431 598 diisque

259 620 302 659 in
331 619 558 660 Vindelicis
583 618 792 660 Pannonia
817 618 1041 661 Germania
1075 622 1213 672 gesta,
1253 621 1298 660 et
1325 618 1664 668 inflamment,
1676 618 2432 662 nemsi-mnemon&

262 696 574 752 descriptionem
600 696 734 736 redire
759 695 959 737 uideatur.
1413 702 1432 719 ⁴
2226 722 2228 725 -
2298 720 2300 723 ν

399 774 459 815 Vt
482 778 621 815 autem
646 786 717 824 ea,
744 782 850 828 quse
877 774 1070 828 deinceps
1099 775 1150 813 de
1178 772 1339 816 Tiberio
1365 773 1616 822 referuntur,
1657 756 1773 813 recte
1795 731 2105 827 intsllsgsntur,
2125 786 2238 816 non
2247 772 2433 817 Velleius

262 866 430 909 prorsus
466 865 566 908 prae
600 852 740 892 Tacito
783 851 1066 905 neglegendus
1103 854 1168 891 est
1204 850 1337 903 (sicuti
1373 850 1502 891 suasit
1529 849 1707 891 Hessius
1731 851 1924 905 *pmlegg
1961 852 2017 893 sd
2050 851 2238 895 'renim
2269 851 2430 908 [¹8⁵5]

262 930 589 971 XXXXIIIIn.
605 930 787 983 65:1⁸⁰).
828 929 981 970 Contra
1005 942 1122 970 nemo
1148 941 1223 968 nec
1248 928 1398 983 poterit
1423 940 1555 981 neque
1583 928 1751 970 audebit
1761 928 1884 969 iidem
1905 927 2065 971 Velleio
2079 930 2285 981 maiorem,
2310 940 2434 986 qm

263 1007 416 1057 Tacito,
442 1007 633 1047 tribuere.
689 1007 741 1047 Id
766 1006 1275 1061 solum,comprobandum
1304 1005 1468 1045 uidetur
1502 1018 1595 1046 esse
1630 1010 1674 1046 et
1708 1018 1826 1060 posse
1862 996 2133 1061 comprobari,
2165 1020 2261 1049 cam
2296 1006 2432 1049 Tiberi

263 1097 490 1140 personam,
519 1096 641 1138 quam
666 1082 852 1123 Velleius
873 1082 1163 1132 informauerit,
1188 1095 1268 1122 non
1295 1083 1347 1122 ab
1374 1082 1482 1123 omni
1508 1082 1590 1122 fide
1617 1083 1808 1124 historica
1836 1095 1929 1124 esse
1956 1083 2140 1125 alienam.
2197 1083 2304 1125 Nam
2331 1097 2434 1138 qma

263 1174 331 1203 res
358 1174 384 1204 a
399 1160 559 1202 Tiberio
585 1161 809 1217 imperante
836 1142 923 1216 per*
939 1172 1066 1202 annos
1093 1160 1269 1199 sedecim
1299 1160 1454 1216 priores
1482 1163 1624 1214 gestas
1648 1173 1740 1201 esse
1769 1165 1911 1201 narrat
1929 1161 1985 1214 (2,
2001 1161 2129 1214 426),
2156 1174 2232 1203 ese
2245 1162 2434 1203 sedunus

265 1251 321 1280 ex
348 1238 436 1294 ipso
450 1237 590 1280 Tacito
614 1237 993 1286 confirmanturss).
1040 1237 1182 1291 Itaque
1208 1249 1289 1278 non
1310 1237 1352 1277 in
1379 1237 1452 1288 eis,
1480 1250 1586 1292 quas
1613 1238 1754 1291 gessit,
1781 1232 1999 1289 sed'incis,
2026 1239 2434 1294 exquibmgesdsse

265 1315 440 1365 uidetur,
474 1315 629 1356 caussis
659 1315 720 1355 rei
746 1315 870 1356 cardo
899 1315 1083 1355 uertitur.
1138 1314 1200 1354 Ac
1226 1314 1399 1369 primum
1427 1314 1589 1368 quidem
1616 1314 1800 1355 Velleius
1828 1314 1965 1356 Tiberi
1990 1316 2156 1357 militiae
2185 1328 2320 1357 comes
2345 1317 2434 1367 mit,

264 1397 311 1434 ut
338 1406 389 1435 ea
412 1393 530 1443 bella,
557 1393 702 1447 quibus
730 1405 913 1433 summus
941 1392 1030 1433 eius
1047 1391 1194 1433 nomini
1206 1391 1398 1446 splendor
1414 1392 1655 1443 adferretur,
1686 1403 1881 1448 praesens
1896 1396 2110 1448 spectaret.
2158 1393 2315 1435 Deinde
2337 1393 2434 1434 Vel·

266 1471 369 1512 leius
386 1471 533 1512 librum
562 1470 796 1526 composuit,
825 1470 905 1512 etsi
934 1470 1013 1512 iam
1043 1472 1247 1523 surgente,
1278 1473 1416 1512 tamen
1440 1470 1617 1511 nondum
1633 1470 1765 1512 omnia
1778 1470 2008 1512 dominante
2023 1470 2180 1522 Seiano,
2209 1483 2235 1511 a
2260 1484 2339 1526 quo
2364 1484 2432 1528 op-

226 1590 234 1597 ,
265 1531 407 1603 presso
435 1546 599 1590 Tacitus
613 1538 683 1604 λ(6,
711 1547 794 1600 57.)
833 1547 992 1590 scelera
1019 1547 1137 1588 simul
1163 1549 1206 1587 et
1232 1547 1433 1589 dedecora
1459 1551 1602 1604 aperta
1629 1546 1765 1588 Tiberi
1792 1548 1951 1604 repetit.
2008 1548 2197 1600 Accedit,
2235 1549 2341 1603 quod
2370 1548 2435 1589 Ti-

267 1625 403 1667 berius
438 1625 524 1681 ipse
562 1637 684 1680 saepe
721 1626 881 1686 postea,
910 1637 1014 1679 quae
1044 1623 1117 1665 sibi
1145 1636 1289 1665 caussa
1318 1623 1441 1665 fuerit
1469 1623 1634 1677 agendi,
1672 1624 1871 1680 exposuit.
1927 1624 2077 1666 Mirum
2103 1624 2228 1679 igitur
2254 1638 2333 1666 non
2359 1627 2436 1677 est,

267 1702 342 1744 hoc
377 1703 509 1759 ipsum
548 1714 646 1743 uere
675 1700 834 1743 Tiberio
871 1714 1040 1744 caussae
1077 1701 1199 1742 fuisse
1233 1702 1387 1742 referre
1417 1701 1640 1751 Velleium‚
1674 1701 1821 1757 quippe
1851 1702 1916 1743 cui
1943 1701 2128 1743 diffidere
2152 1714 2284 1757 neque
2307 1703 2436 1744 aulico

266 1779 426 1822 licuerit
458 1779 646 1836 principi,
681 1791 812 1835 neque
854 1779 972 1821 militi
1008 1780 1048 1820 in
1083 1783 1260 1821 mentem
1296 1780 1454 1821 uenerit
1489 1779 1730 1835 imperatori.
1792 1779 1938 1835 Itaque
1978 1780 2174 1835 siquando
2200 1781 2346 1821 falsam
2372 1781 2434 1822 rei

266 1857 475 1898 cuiusdam
511 1869 698 1898 caussam
728 1857 868 1898 retulit
905 1860 1025 1910 atque
1064 1857 1193 1897 minus
1228 1857 1316 1918 alte
1347 1857 1580 1911 repetitam,
1609 1870 1688 1898 non
1716 1857 1938 1899 adulationi
1966 1858 2151 1898 continuo
2178 1858 2436 1899 tribuendum

267 1936 340 1975 est.
394 1933 537 1975 Potest
571 1936 709 1975 tamen
745 1933 868 1975 etiam
906 1946 1017 1984 esse,
1063 1937 1107 1974 ιιι
1133 1932 1296 1975 Tacitus
1328 1933 1446 1974 nimis
1483 1933 1565 1975 alte
1601 1946 1766 1976 caussas
1800 1933 1949 1988 agendi
1984 1919 2208 1990 repetierit}
2246 1947 2324 1989 quo
2357 1947 2438 1976 non

265 2025 470 2065 nunquam
498 2011 556 2061 fit,
585 2014 632 2052 ut
659 2010 865 2052 Tiberium
894 2011 966 2052 tali
993 2010 1230 2063 cogitatione
1258 2010 1311 2052 ad
1338 2023 1426 2051 rem
1455 2010 1631 2064 aliquam
1658 2011 1880 2064 gerendam
1908 2013 2148 2053 commotum
2175 2023 2267 2053 esse
2285 2014 2436 2063 narret,

266 2089 375 2141 quali
403 2090 644 2129 commotum
674 2102 767 2128 eum
797 2101 888 2128 esse
916 2101 1081 2141 prorsus
1109 2101 1186 2128 non
1215 2086 1267 2128 sit
1296 2085 1514 2141 probabile.
1568 2085 1661 2135 Qua
1688 2085 1730 2128 in
1757 2099 1815 2137 re,
1843 2085 1885 2128 id
1912 2086 2019 2141 quod
2047 2086 2272 2131 Sieuersius
2299 2088 2437 2131 multis

265 2167 364 2206 locis
391 2165 688 2214 animaduertit,
717 2165 899 2204 omittam
924 2164 1157 2217 disquirere,
1187 2164 1294 2204 unde
1316 2163 1387 2204 illa
1414 2163 1554 2204 intima
1583 2161 1786 2205 Tiberiani
1815 2162 1937 2205 animi
1963 2162 2135 2216 cognitio
2170 2152 2437 2207 descenderit.

266 2243 372 2283 Nam
407 2257 498 2282 cum
537 2242 773 2296 saepissime
801 2236 979 2282 Tacitus⁴
1004 2242 1062 2281 eis
1099 2241 1299 2282 Tiberium
1340 2241 1559 2295 impulsum
1593 2255 1686 2281 esse
1719 2243 1879 2291 narret,
1930 2254 2035 2294 quae
2064 2255 2154 2282 cum
2182 2242 2319 2283 uerbis
2353 2243 2439 2285 eius

267 2322 507 2374 grauissime
535 2325 729 2375 pugnent,
758 2334 930 2374 cumque
959 2320 1096 2368 addat,
1124 2323 1286 2374 praeter
1308 2319 1499 2360 Seianum
1527 2318 1675 2359 nemini
1698 2318 1812 2359 illum
1840 2318 2016 2372 cogitata
2034 2318 2263 2374 aperuisse:
2290 2321 2361 2362 aut
2383 2333 2438 2362 ex

266 2414 372 2440 uano
399 2413 560 2439 rumore
590 2399 762 2451 cog-nitio
789 2398 861 2438 illa
887 2398 1035 2438 hausta
1062 2403 1141 2446 est,
1171 2396 1234 2437 cui
1264 2396 1321 2437 nil
1346 2411 1444 2438 sane
1473 2395 1652 2438 tribuere
1680 2396 1803 2439 debet
1829 2397 1959 2439 iustus
1984 2412 2120 2440 rerum
2146 2377 2338 2453 scriptor,
2368 2400 2440 2441 aut

267 2491 321 2517 ex
348 2490 506 2517 morum
525 2475 660 2516 Tiberi
688 2474 915 2516 admirabili
942 2474 1117 2528 quadam
1144 2474 1329 2522 scientia;
1361 2487 1441 2527 qua
1471 2473 1602 2529 decipi
1621 2488 1740 2529 posse
1756 2488 1861 2525 eum,
1890 2476 1959 2530 qui
1977 2475 2095 2517 nimis
2115 2476 2153 2516 ei
2180 2475 2292 2527 fidat,
2320 2488 2439 2518 nemo

266 2568 346 2596 non
376 2555 498 2594 uidet.
553 2555 747 2594 Attamen
774 2556 946 2606 utraque
973 2565 1020 2592 re
1047 2565 1143 2591 usus
1170 2553 1333 2592 uidetur
1364 2551 1538 2591 Tacitus.
1586 2552 1722 2605 Atque
1739 2553 1896 2594 omnino
1921 2554 2064 2607 negari
2078 2567 2157 2594 non
2173 2556 2319 2608 potest,
2346 2559 2439 2595 eum

267 2644 394 2687 prauo
431 2631 607 2685 impulsu
629 2630 833 2669 Tiberium
867 2630 996 2668 multo
1037 2629 1191 2669 facilius
1229 2642 1348 2668 usum
1386 2641 1476 2667 esse
1514 2629 1725 2682 suspicari,
1762 2643 1882 2682 quam
1907 2632 2030 2679 bono,
2068 2634 2131 2680 ut,
2165 2631 2287 2671 etiam
2315 2630 2441 2672 sicubi

268 2721 334 2750 res
368 2709 409 2749 in
445 2709 598 2748 incerto
625 2708 834 2761 relinquit,
868 2710 1005 2747 tamen
1038 2706 1151 2761 peius
1190 2697 1334 2761 potius¹
1359 2719 1480 2759 quam
1518 2706 1662 2746 melius
1689 2710 1869 2748 statuere
1893 2722 2095 2762 cogamur.
2161 2707 2318 2755 Quibus
2344 2710 2440 2750 ante

268 2787 385 2828 dictis
406 2799 473 2827 res
498 2786 609 2841 ipsas
638 2785 829 2827 breuibus
857 2784 1167 2826 consideremus.

405 2915 460 2956 ⁸⁹)
487 2914 596 2952 Quem
628 2913 750 2954 frigide
783 2916 884 2956 atque
910 2912 1024 2946 uerbis
1048 2915 1110 2953 „ut
1133 2912 1252 2945 siunt‘·
1277 2910 1406 2945 additis
1430 2909 1587 2944 laudasse
1612 2909 1784 2944 Velleium
1808 2914 1922 2945 censet
1943 2911 2167 2956 Ruhnksnius
2195 2913 2294 2955 380„
2333 2924 2376 2947 ne
2401 2913 2439 2948 in

267 2973 384 3007 Tiberi
412 2972 632 3005 offensionem
661 2972 899 3010 incurreretur.
963 2970 1030 3005 Sed
1055 2981 1121 3013 quo
1153 2970 1254 3005 modo
1279 2968 1437 3003 Tiberius
1464 2968 1623 3002 laudibus
1649 2967 1873 3004 adulescentis
1898 2968 2095 3006 iamdudum
2120 2970 2288 3007 demortui
2311 2972 2437 3007 offendi

265 3031 432 3078 potuerit,
459 3041 527 3065 non
553 3030 775 3074 intellegitur.
825 3030 916 3065 Viuo
942 3029 1033 3064 enim
1065 3029 1215 3074 Agrippa
1248 3038 1368 3071 nemo,
1393 3037 1563 3062 successor
1588 3026 1793 3072 designatus,
1820 3027 1969 3072 Tiberio,
1993 3028 2053 3064 sed
2080 3028 2252 3076 Agrippae
2274 3030 2440 3077 praeferri

265 3093 456 3128 uidebatur.
481 3093 548 3127 Dio
574 3094 632 3134 54,
662 3094 694 3127 6.
719 3092 895 3127 Hoeckius
920 3094 1007 3128 351

401 3153 457 3195 ⁸⁰)
484 3152 537 3186 Ne
562 3152 751 3186 Sicuersius
774 3151 910 3196 quidem
935 3151 1089 3195 (Tacitus
1115 3154 1148 3184 et
1163 3150 1332 3191 Tiberius)
1365 3152 1396 3192 1,
1410 3150 1430 3183 δ
1443 3150 1473 3182 ⁸.
1498 3148 1631 3182 Velleio
1653 3148 1753 3183 iidem
1776 3148 1895 3184 baberi
1919 3147 2006 3190 uolt,
2033 3151 2134 3193 atque
2158 3149 2333 3192 sntiqnsm
2357 3147 2444 3182 sdu-

265 3212 405 3245 lationis
429 3211 713 3255 uituperationem
735 3210 813 3254 plus
837 3210 941 3244 semel
964 3209 1000 3243 in
1022 3219 1100 3242 eum
1124 3208 1204 3241 iacit
1217 3211 1275 3254 (u.
1299 3218 1326 3241 c.
1355 3210 1387 3249 1,
1413 3208 1470 3240 24.
1495 3206 1651 3249 inprims
1677 3209 1710 3249 2,
1732 3208 1815 3250 48.).

409 3271 466 3313 ⁸¹)
499 3269 655 3303 conferri
679 3272 843 3313 possunt,
868 3268 899 3301 si
922 3267 1012 3301 tanti
1037 3270 1108 3309 est,
1133 3277 1207 3300 cum
1228 3265 1375 3310 singulis
1398 3264 1510 3300 Vellei
1533 3263 1719 3299 enunciatis
1743 3265 1877 3309 singuls
1901 3264 2012 3300 Taciti
2035 3264 2209 3300 sunslium
2237 3264 2367 3310 rspits·
2408 3266 2442 3305 1,

269 3332 322 3364 75.
361 3333 390 3372 1,
408 3331 466 3366 54.
492 3332 546 3363 77.
584 3333 615 3370 1,
633 3330 687 3363 76.
723 3331 755 3370 2,
772 3330 817 3363 48
847 3332 931 3363 extr.
959 3330 992 3370 2,
1008 3330 1064 3362 87.
1100 3329 1132 3368 2,
1151 3328 1206 3362 64.
1244 3330 1274 3368 1,
1293 3328 1347 3362 75.
1380 3326 1413 3366 2,
1430 3326 1487 3360 37.
1525 3326 1558 3369 2,
1577 3326 1630 3359 47.
1671 3325 1706 3366 4,
1724 3325 1777 3360 13.
1813 3325 1918 3367 285.
1954 3326 1987 3367 2,
2006 3325 2061 3361 50.
2097 3324 2205 3366 238.
