2709 3576
1143 830 1148 835 ’
1170 849 1322 905 Pars
1356 850 1563 907 altera.

1325 988 1397 1034 VI.

416 1081 514 1136 Iam
539 1109 588 1136 eo
614 1095 812 1150 perducta
836 1094 1052 1149 disputatio
1080 1096 1155 1144 est,
1184 1097 1232 1135 ut
1256 1094 1351 1147 quid
1373 1094 1414 1134 in
1444 1093 1615 1147 singulis
1639 1093 1884 1147 temporibus
1914 1094 2188 1135 describendis
2204 1093 2337 1135 Vellei
2352 1109 2440 1136 nar-

281 1173 383 1213 ratio
428 1168 585 1223 ualeat,
628 1173 883 1213 considerare
902 1187 908 1193 ·
926 1171 1134 1227 possimus.
1206 1171 1300 1218 Qua
1338 1171 1380 1211 in
1416 1185 1461 1211 re
1497 1173 1542 1211 et
1564 1170 1755 1224 temporis
1782 1171 1879 1211 ordo
1907 1174 1950 1211 et
1976 1172 2151 1212 maxime
2178 1172 2439 1225 singulorum,

281 1251 350 1304 qni
390 1251 432 1290 in
459 1264 615 1303 quoque
642 1251 893 1300 eminebant,
940 1251 1116 1290 uirorum
1141 1250 1303 1302 ingenia
1328 1250 1583 1290 obseruanda
1619 1253 1728 1289 sunt„
1780 1249 1881 1289 Cum
1911 1250 2016 1288 enim
2044 1250 2226 1289 Velleius
2260 1251 2318 1290 ita
2343 1251 2439 1290 scri-

280 1329 378 1368 bere
404 1329 550 1376 soleat,
579 1331 625 1368 ut
652 1329 774 1377 uiros,
803 1328 944 1380 quales
972 1328 1132 1376 fuerint,
1160 1324 1254 1367 ante
1281 1328 1413 1367 omnia
1437 1317 1655 1375 descxibit,
1680 1327 1825 1366 deinde
1852 1340 1953 1379 quas
1983 1340 2049 1366 res
2071 1328 2273 1379 gesserint
2300 1328 2439 1368 adiun-

279 1408 374 1456 gat,
417 1405 535 1445 facile
564 1417 631 1444 res
658 1405 870 1458 procedet,
914 1405 949 1444 si
978 1403 1332 1444 effluentissimum
1357 1416 1557 1456 quemque
1583 1405 1750 1453 aetatis,
1793 1405 1953 1456 qualem
1986 1404 2167 1444 Velleius
2196 1405 2438 1458 depinxerit,

280 1482 489 1534 qualisque
515 1494 615 1521 uene
642 1481 767 1521 fuisse
793 1482 996 1530 uideatur,
1028 1482 1174 1522 ceteris
1203 1481 1391 1531 adiectis,
1419 1481 1488 1534 qui
1514 1480 1678 1521 minoris
1705 1481 1893 1521 momenti
1920 1482 2129 1530 uidentur,
2158 1482 2438 1536 contemplabi-

280 1573 381 1601 mur.
439 1559 525 1600 Nec
550 1563 686 1600 tamen
713 1560 856 1610 omnia,
879 1571 983 1613 quae
1013 1558 1196 1599 Velleius
1222 1558 1435 1599 memoriae
1457 1558 1638 1608 tradidit,
1665 1558 1721 1598 im.
1747 1558 1937 1598 uidentur
1966 1558 2236 1598 examinanda
2263 1572 2366 1608 esse,
2395 1562 2441 1598 ut

282 1652 374 1677 cum
402 1637 473 1686 eis,
500 1650 603 1689 quae
631 1637 698 1676 alii
721 1637 773 1675 de
799 1636 929 1675 isdem
954 1637 1074 1676 rebus
1103 1637 1347 1690 scripserint,
1374 1636 1609 1688 singillatim
1636 1639 1926 1689 comparentur.
2008 1636 2089 1675 Sed
2116 1636 2166 1674 de
2198 1636 2255 1674 eis
2284 1639 2440 1675 tantum

281 1715 561 1755 disserendum
574 1729 577 1732 ·
590 1717 664 1763 est,
700 1714 844 1767 quibus
872 1714 1071 1766 quaedam
1098 1713 1231 1752 Vellei
1257 1714 1416 1767 propria
1442 1714 1707 1753 continentur.

420 1792 557 1845 Atque
583 1792 625 1831 in
652 1792 711 1830 eis
736 1791 922 1844 quidem,
966 1803 1070 1844 quae
1099 1794 1193 1831 ante
1222 1791 1391 1830 Βοωαω
1419 1792 1620 1831 conditam
1651 1792 1836 1830 euenisse
1863 1797 2099 1840 narrantur,
2139 1791 2438 1831 considerandis

280 1882 360 1911 non
386 1873 451 1910 est
473 1881 620 1926 operae
647 1868 822 1925 pretium
848 1869 999 1909 diutius
1028 1870 1271 1910 commorari.
1315 1869 1529 1924 (Sauppius
1561 1871 1636 1910 145
1664 1871 1739 1923 sq.)
1797 1868 1901 1909 Nam
1929 1869 1979 1908 de
2004 1869 2121 1918 Ione,
2158 1869 2226 1922 qui
2253 1869 2372 1909 Iones
2398 1869 2441 1909 in

280 1947 422 1988 Asiam
448 1947 594 1987 dicitur
621 1946 788 1987 duxisse
816 1948 869 1999 (1.
893 1948 932 1996 4,
952 1947 1029 1998 3.),
1056 1947 1114 1987 nil
1140 1948 1369 1988 addendum
1397 1950 1471 1997 est,
1498 1947 1575 1987 nisi
1605 1950 1696 2002 post
1724 1951 1783 1987 tot
1809 1950 2000 2000 tantaque
2029 1947 2235 1987 conamina
2254 1947 2353 1987 nihil
2370 1960 2438 1987 no-

280 2025 343 2066 bis
381 2024 522 2065 relicui
561 2025 712 2065 factum
737 2036 840 2064 esse.
909 2023 1000 2065 Non
1026 2025 1187 2065 maioris
1215 2028 1310 2065 sunt
1336 2025 1543 2075 momenti,
1591 2037 1694 2078 quae
1724 2025 1775 2063 de
1807 2024 1936 2064 Roma
1965 2023 2163 2063 Parilibus
2200 2024 2360 2064 condita
2387 2024 2439 2063 de

280 2102 396 2156 asylo
426 2101 479 2141 de
505 2100 682 2155 patriciis
705 2100 801 2142 trita
827 2113 876 2141 ae
905 2100 1088 2154 uolgaria
1112 2104 1339 2143 narrantur.
1386 2101 1504 2148 Quod
1532 2103 1669 2153 autem
1688 2101 1866 2141 Kritzius
1893 2100 2111 2153 (XXXXI
2131 2102 2207 2154 sq.)
2236 2101 2439 2153 sagaciter

280 2179 488 2234 exposuit,
532 2174 735 2218 Velleium
764 2192 930 2228 aeram,
957 2192 1062 2232 quae
1090 2179 1246 2229 dicitur,
1290 2178 1550 2220 Catonianam
1580 2192 1671 2219 cum
1699 2178 1949 2219 varroniana
1975 2178 2223 2227 confudisse,
2262 2184 2307 2218 ut
2332 2191 2437 2218 nunc

279 2256 384 2297 hanc
417 2269 524 2296 nunc
548 2256 660 2296 illam
687 2255 729 2295 in
758 2254 994 2295 definiendis
1022 2255 1137 2296 annis
1164 2268 1240 2310 per
1269 2254 1568 2308 neglegentiam
1595 2259 1854 2308 sequeretur,
1896 2255 1938 2296 id
1965 2269 2162 2296 summam
2188 2256 2310 2296 habet
2336 2254 2438 2295 ueri-

278 2332 376 2375 tatis
402 2333 588 2388 speeiem.
642 2332 795 2374 Narrat
821 2332 928 2373 enim
950 2331 1133 2373 Velleius
1160 2334 1214 2385 (1.
1244 2332 1281 2383 8,
1312 2334 1378 2384 4.),
1406 2332 1577 2374 Romam
1604 2333 1804 2373 conditam
1825 2345 1920 2391 'esse
1947 2335 2069 2374 sexta
2093 2333 2321 2387 olympiade
2349 2337 2441 2387 post

280 2409 426 2467 XXII.
456 2424 582 2453 annos
609 2411 647 2452 h.
668 2424 704 2451 e.
729 2410 907 2452 nondum
939 2409 1084 2464 uiginti
1115 2409 1245 2452 tribus
1270 2409 1383 2451 annis
1409 2411 1501 2465 post
1526 2408 1718 2465 Olympia
1746 2409 1905 2452 condita
1931 2410 2117 2466 expletis.
2175 2410 2276 2453 Cum
2304 2413 2440 2452 autem

279 2488 531 2544 olympiades
555 2490 607 2529 ab
634 2502 738 2530 anno
761 2489 853 2530 776.
880 2503 917 2530 a.
936 2489 1037 2531 Chn
1059 2492 1198 2530 natum
1224 2488 1426 2530 numerari
1453 2491 1620 2543 coeptae
1649 2489 1740 2539 sint,
1767 2489 1949 2542 sequitur
1973 2488 2144 2530 Romam
2171 2489 2371 2530 conditam
2398 2488 2440 2530 in

279 2580 316 2609 a.
332 2565 422 2609 753.
451 2565 638 2607 incidere.
688 2565 823 2620 Atque
849 2566 907 2607 ita
923 2556 1057 2607 Varro
1088 2566 1238 2607 statuit.
1288 2566 1436 2609 Contra
1450 2565 1551 2608 Cato
1575 2579 1611 2607 a.
1629 2567 1704 2608 751
1736 2580 1770 2607 a.
1795 2566 1838 2608 O.
1858 2566 2058 2608 conditam
2080 2579 2171 2607 esse
2187 2567 2329 2607 urbem
2350 2580 2440 2607 cen-

280 2646 356 2694 set,
386 2656 478 2684 cum
503 2643 614 2684 urbis
640 2643 795 2683 initium
821 2642 981 2698 Olymp.
1011 2643 1110 2694 VII,
1144 2645 1175 2683 1.
1204 2647 1338 2698 ponat.
1407 2643 1489 2683 Sed
1518 2643 1698 2683 Kritzius
1737 2645 1810 2684 has
1841 2657 1958 2684 aeras
1986 2644 2186 2684 Velleium
2210 2644 2437 2684 confudisse

278 2721 326 2761 ut
348 2717 609 2772 demonstret,
635 2719 756 2762 ualde
786 2719 923 2774 fragili
950 2719 1078 2762 utitur
1104 2724 1352 2774 argumento.
1405 2718 1566 2760 Etenim
1594 2721 1700 2775 quod
1726 2720 1793 2761 ille
1822 2722 1873 2774 (1.
1895 2723 1956 2771 14,
1983 2722 2036 2773 6.)
2066 2720 2222 2762 Sabinis
2250 2720 2369 2762 Curio
2398 2724 2440 2761 et

279 2794 427 2838 Rufino
452 2810 554 2839 coss.
581 2795 786 2839 ciuitatem
804 2795 892 2839 sine
905 2795 1096 2852 suffragio
1109 2797 1246 2840 datam
1260 2810 1352 2839 esse
1368 2796 1463 2838 dicit
1491 2796 1679 2857 „abhinc
1695 2812 1830 2840 annos
1847 2797 2032 2855 ferme
2062 2796 2302 2841 CCCXXJ‘
2330 2802 2438 2853 (nam

277 2873 336 2917 ita
370 2875 474 2916 bene
512 2888 585 2930 pro
614 2871 859 2918 GCCXXX
887 2874 1066 2917 correxit
1090 2874 1299 2928 Burerius)
1334 2873 1376 2915 id
1399 2873 1557 2916 etiamsi
1584 2872 1875 2917 Varronianam
1902 2889 2038 2918 aeram
2064 2876 2137 2917 hoc
2165 2875 2251 2918 loco
2275 2880 2437 2919 secutus

279 2953 363 3003 est,
399 2950 485 2993 sine
525 2950 646 2994 dubio
682 2953 794 2994 recte
821 2951 928 2995 dicit.
989 2946 1086 2996 Curi
1112 2952 1217 2994 enim
1241 2953 1468 2994 consulatus
1494 2952 1634 2994 incidit
1656 2966 1735 2994 non
1763 2953 1804 2994 in
1831 2966 1865 2995 a„
1892 2954 2003 3005 463„
2031 2956 2077 2994 ut
2101 2953 2279 2995 Kritzius
2310 2958 2438 3010 putat,

280 3030 354 3071 sed
380 3029 422 3070 in
447 3042 482 3070 a.
507 3030 599 3071 464.
628 3029 809 3083 (Petrus,
834 3032 914 3072 tab.
944 3031 1035 3072 hist,
1059 3030 1174 3072 Rom.
1202 3031 1325 3072 42³⁷.
1364 3030 1671 3081 Mommsenius,
1698 3030 1749 3070 H.
1778 3030 1827 3071 R.
1862 3033 1894 3078 1,
1919 3032 2027 3082 353.)
2095 3021 2275 3072 Vinicius
2304 3035 2440 3073 autem

279 3107 500 3149 secundum
529 3119 667 3149 aeram
684 3106 977 3150 Varronianam
1002 3109 1141 3150 consul
1159 3108 1235 3150 fuit
1248 3107 1341 3150 anni
1358 3107 1446 3149 783.
1495 3106 1640 3162 Itaque
1657 3111 1765 3149 recte
1781 3109 1873 3149 anni
1890 3108 2117 3150 efficiuntur
2131 3109 2437 3160 CCCXVIIII„

283 3185 353 3240 qui
376 3188 471 3227 sunt
494 3184 588 3227 anni
603 3184 751 3242 ferme
776 3177 978 3229 COCXX.
1057 3186 1319 3241 Argumentis
1346 3199 1443 3227 vero
1471 3186 1618 3227 ceteris
1643 3200 1698 3226 ex
1726 3186 1939 3228 Laurentio
1969 3187 2104 3242 petitis
2130 3187 2308 3229 Kritzius
2331 3189 2441 3230 euin-

281 3263 347 3314 cit,
385 3262 588 3304 Velleium
615 3275 734 3304 aeras
762 3264 1070 3305 commiscuisse.
