2709 3576
254 203 372 240 natm·
387 198 674 251 mmmmm
691 198 733 247 3,
760 198 841 239 694
858 198 947 250 sq.).
1004 196 1162 237 Velleio
1184 209 1297 237 nero-
1313 197 1440 237 unm
1468 197 1511 237 in
1531 196 1664 237 *Bruto
1687 196 1816 238 fuisse
1838 197 1997 253 pots-e
2020 195 2423 250 mquam&

255 279 366 316 esset
395 287 627 329 peruersus,
651 278 779 326 neg-at
802 274 855 326 (2.
884 275 951 323 56,
977 274 1043 326 3.).
1104 273 1208 314 Nam
1245 275 1586 328 cum-cynnama
1598 273 2187 329 (beurenssadpellarissffl
2215 273 2327 315 sueto
2349 283 2423 313 σιὰ

254 352 418 408 pedinse
455 352 603 391 acerbe
629 351 937 401 animaduertit,
983 351 1154 391 Brutum
1181 364 1261 391 non
1287 362 1386 391 nere
1412 352 1633 404 tyrann
1660 350 2078 393 duxi-acuentem
2104 352 2284 397 mre
2311 349 2423 391 uide-

255 432 326 470 tur
353 429 406 482 (2.
428 428 494 479 58,
524 428 590 479 2.).
645 427 782 481 Atque
811 427 997 470 Cassium
1031 427 1194 482 quidem
1224 438 1386 482 semper
1412 437 1553 468 omnes
1582 426 1777 469 dixerunt
1803 426 2077 481 (Drumsnnus
2097 427 2136 481 β,
2162 425 2423 480 (15⁸¹),in'

254 506 298 546 in
334 505 552 546 Caesarem
597 505 817 555 incensum,
844 494 1063 560 propterea
1100 504 1207 559 quod
1242 504 1284 546 in
1315 505 1507 560 praetura
1542 502 1699 546 urbana
1729 503 1908 559 petenda
1940 502 2068 547 Bruto
2101 504 2423 561 postponeretur,

256 582 570 623 coniurationem
598 582 796 623 conflasse
826 584 997 634 (μᾶλλον
1026 585 1108 639 ι’ὁίᾳ
1134 589 1382 637 μισοκαῖσαρ
1401 580 1435 635 ἢ
1455 586 1579 639 κοινῇ
1606 580 1920 635 morientur.
1941 581 2016 623 efr-
2048 580 2099 622 V.
2125 582 2192 632 56,
2218 582 2285 633 3.).
2340 576 2424 624 Sed

258 663 395 700 tamen
423 658 607 700 Cassium
642 672 722 700 non
757 658 1042 713 imperatorem
1080 660 1256 709 tantum,
1283 671 1426 700 uerum
1454 658 1576 700 etiam
1602 657 1813 714 imperium
1837 658 1972 700 odisse
1998 657 2119 712 (Plut.
2149 658 2262 700 Brut.
2292 658 2329 709 8,
2357 659 2425 710 3.),

257 750 313 777 ex
341 750 389 777 eo
422 736 536 789 sequi
562 737 736 786 uidetur,
766 736 886 789 quod,
914 749 965 776 ne
994 736 1148 777 Caesar
1175 748 1451 776 successorem
1477 736 1555 791 ipsi
1581 736 1753 777 fortasse
1781 748 1921 790 parem
1948 736 2128 785 haberet,
2153 738 2200 776 ut
2226 734 2425 776 Antonius

258 826 415 867 quoque
443 813 755 862 interimeretur,
785 826 864 853 non
893 812 1015 853 desiit
1037 813 1197 854 hortari.
1256 812 1376 861 Quod
1406 826 1504 853 uero
1532 809 1696 854 Cassius
1723 812 1931 862 Caesaris,
1959 812 2028 866 qui
2050 812 2158 854 mitis
2188 816 2319 864 esset,
2353 812 2426 853 im-

257 889 414 946 perium
451 888 747 944 Pompeiorum·
769 901 813 930 se
851 890 1059 944 praeferre
1096 889 1257 944 scripsit
1287 890 1383 943 (Cic.
1413 903 1474 945 ep.
1509 891 1568 931 15.
1604 890 1665 939 19,
1695 890 1771 940 4.),
1809 889 1907 931 nihil
1935 889 1986 931 ad
2015 902 2115 931 rem.
2171 878 2356 944 Namque
2384 890 2427 940 in

260 968 416 1008 duobus
451 966 568 1007 malis
601 979 693 1006 cum
728 966 858 1006 leuius
886 979 978 1006 esse
1015 966 1247 1019 eligendum
1275 967 1429 1016 statuit,
1459 980 1550 1007 esse
1576 967 1675 1007 illud
1703 966 1865 1016 malum,
1894 980 1973 1008 non
1995 970 2132 1020 negat.
2196 966 2426 1009 Inconside-

258 1048 347 1084 rate
376 1047 512 1083 autem
542 1055 566 1083 a
592 1042 810 1083 coniuratis
840 1047 975 1083 actum
1005 1056 1108 1092 esse,
1138 1055 1255 1083 nemo
1285 1042 1404 1084 facile
1434 1043 1599 1096 negabit
1612 1045 1685 1095 ³⁸).
1735 1043 1817 1085 Sed
1843 1043 1873 1084 ii
1900 1044 1996 1085 mihi
2024 1038 2214 1084 uidentur
2241 1056 2425 1099 peccare,

258 1120 326 1174 qui
361 1120 588 1160 coniuratos
616 1119 859 1172 grauissime
891 1120 1211 1173 reprehendunt,
1245 1120 1394 1172 ingrati
1428 1122 1469 1160 in
1495 1120 1712 1162 Caesarem
1749 1121 1871 1161 animi
1905 1120 2031 1161 fnisse
2069 1134 2140 1161 eos
2172 1121 2427 1162 clamitantes

259 1196 382 1249 (Vell.
402 1197 439 1237 2.
461 1197 526 1244 56,
546 1197 614 1247 3.),
642 1196 716 1237 sed
735 1196 815 1249 qui,
842 1196 950 1236 unde
977 1196 1210 1249 prouenerit
1232 1195 1419 1248 ingratus
1445 1196 1513 1237 ille
1541 1198 1709 1245 animus,
1737 1211 1788 1237 ne
1807 1200 2003 1238 conantur
2019 1198 2182 1250 quidem
2199 1199 2424 1238 enucleare.

260 1273 379 1321 Quod
419 1273 454 1314 si
483 1273 673 1322 fecerint,
701 1275 745 1314 et
769 1271 1033 1327 Pompeianos
1062 1276 1105 1314 et
1126 1271 1391 1315 Caesarianos
1419 1287 1473 1314 ex
1500 1273 1635 1327 quieto
1660 1287 1798 1330 somno
1825 1274 2045 1315 exterritos
2072 1288 2163 1315 esse
2189 1274 2429 1328 intellegent

262 1364 331 1401 eo,
366 1352 472 1404 quod
502 1351 656 1393 Caesar
681 1351 838 1403 regium
867 1364 1013 1391 nomen
1044 1351 1079 1391 si
1104 1365 1183 1391 non
1211 1353 1437 1403 temptabat
1466 1352 1652 1406 adipisci,
1692 1356 1802 1393 certe
1828 1356 2028 1407 temptare
2054 1353 2269 1394 uidebatur
2295 1353 2428 1406 (Pete-

260 1444 330 1470 rus
353 1429 399 1479 2,
428 1429 518 1470 395.
549 1429 620 1469 cfr.
650 1428 700 1468 V.
731 1429 768 1469 2.
796 1430 870 1478 56,
899 1430 950 1477 4.‚
989 1429 1057 1482 qui
1085 1442 1243 1469 omnem
1270 1430 1576 1484 imprudentiae,
1616 1430 1730 1482 siqua
1779 1433 1854 1479 est,
1880 1431 2040 1485 culpam
2069 1431 2243 1471 Antonio
2277 1431 2427 1471 tribuit.

261 1507 364 1562 App.
398 1507 436 1557 2,
468 1506 555 1549 108.
585 1505 692 1548 Plut.
724 1506 768 1549 C.
786 1508 839 1549 60
867 1511 972 1548 extr.
1001 1506 1076 1547 Dio
1093 1508 1158 1556 44,
1187 1508 1310 1549 3-12.
1342 1508 1555 1562 praecipue
1586 1509 1630 1548 11
1661 1508 1802 1562 ῃ204.
1832 1508 1942 1549 Suet.
1972 1509 2047 1549 Iul.
2065 1510 2131 1561 9.).
2185 1509 2298 1549 Tunc
2322 1509 2428 1549 enim

261 1567 429 1633 ‚sumbra
467 1585 537 1625 illa
574 1584 777 1637 legitimae
815 1584 1058 1637 reipublicae
1097 1585 1281 1625 formae“
1313 1585 1616 1637 (Mommsenius
1639 1586 1677 1634 3,
1703 1587 1831 1635 440.)‚
1878 1586 1942 1625 cni
1968 1586 2093 1626 uitam
2122 1587 2174 1626 ad
2200 1587 2241 1629 id
2271 1590 2429 1641 tempus

261 1663 429 1701 subesse
467 1662 751 1715 opinabantur,
786 1661 842 1700 nil
876 1661 1168 1701 intellexerunt
1192 1675 1305 1710 esse,
1344 1663 1420 1701 nisi
1434 1663 1614 1710 sumum,
1650 1674 1770 1714 quem
1798 1662 1985 1702 facillime
2007 1662 2160 1703 Caesar
2185 1668 2338 1717 posset·
2350 1663 2430 1703 dis-

262 1752 418 1792 &pare-

1268 1910 1451 1952 xvlm.

397 2023 496 2064 Post
524 2023 713 2065 Caesaris
750 2026 921 2064 mortem
959 2037 1037 2073 res,
1076 2024 1317 2064 adueniente
1343 2022 1575 2073 Octauiano,
1616 2022 1744 2062 fusius
1772 2025 2022 2063 enarrantur.
2080 2021 2258 2064 Tametsi
2285 2022 2432 2064 omissa

263 2106 377 2151 sunt,
420 2115 523 2155 quae
561 2102 722 2142 maioris
759 2085 950 2142 monienti
987 2101 1191 2151 uidentur,
1235 2103 1356 2141 funus
1384 2101 1570 2143 Caesaris
1599 2100 1748 2141 Antoni
1775 2100 1953 2142 laudatio
1979 2100 2107 2156 plebis
2136 2100 2177 2141 in
2205 2101 2430 2142 coniuratos

264 2179 407 2220 rabies.
463 2179 525 2218 Ac
558 2192 608 2218 ne
638 2178 773 2218 Vellei
801 2178 962 2232 quidem
990 2179 1219 2219 narratione
1250 2178 1377 2219 adiuti
1405 2178 1503 2219 satis
1527 2191 1576 2218 ea
1607 2191 1822 2233 possumus
1846 2177 2088 2228 inlustrare,
2126 2191 2230 2232 quae
2257 2178 2351 2219 inde
2378 2180 2430 2220 ab

262 2257 315 2296 id.
346 2257 467 2297 Mart.
504 2271 632 2309 usque
670 2258 722 2296 ad
761 2269 938 2311 pugnam
968 2256 1266 2311 Philippensem
1302 2258 1408 2295 facta
1449 2260 1552 2295 sunt.
1613 2254 1795 2309 Namque
1830 2268 1930 2308 quas
1965 2258 2102 2310 partes
2139 2256 2214 2296 hoc
2250 2260 2431 2311 tempore

264 2329 442 2389 Lepidus
471 2335 615 2386 egerit,
645 2334 712 2387 qui
739 2347 830 2374 cum
847 2333 1032 2373 exercitu
1055 2337 1174 2374 extra
1193 2335 1336 2374 urbem
1355 2333 1688 2381 commorabatur,
1719 2345 1884 2386 prorsus
1902 2332 2060 2373 silentio
2083 2333 2428 2387 praetermittitur.

263 2411 355 2459 Quo
385 2411 450 2461 fit,
490 2414 536 2451 ut
560 2424 639 2452 non
673 2410 772 2452 satis
802 2410 854 2451 sit
880 2409 1121 2458 dilucidum,
1162 2423 1233 2450 cur
1262 2413 1402 2464 postea
1431 2409 1471 2449 in
1496 2408 1706 2463 Octauiani
1733 2408 1961 2463 Antonique
1989 2409 2222 2451 societatem
2252 2410 2430 2452 adscitus

262 2489 324 2529 sit.
384 2488 540 2527 Deinde
577 2500 680 2540 quae
710 2490 803 2528 ante
831 2486 1042 2527 Octauiani
1067 2486 1107 2525 in
1137 2488 1278 2526 urbem
1301 2486 1540 2535 aduentum,
1578 2500 1680 2539 quae
1709 2490 1849 2541 postea
1875 2486 2110 2536 acciderint,
2142 2500 2221 2527 non
2247 2487 2430 2542 adparet.

264 2566 331 2605 Ita
359 2565 530 2605 omissae
560 2568 654 2605 sunt
681 2565 794 2616 leges
823 2564 973 2603 Antoni
997 2563 1158 2615 agraria
1187 2563 1283 2615 (Cic.
1315 2564 1366 2602 ad
1396 2564 1478 2603 Att.
1505 2566 1562 2603 15.
1593 2565 1630 2613 3,
1649 2564 1673 2604 8
1701 2566 1793 2615 etc.)
1836 2567 1879 2603 et
1907 2564 2115 2604 iudiciaria
2144 2563 2240 2617 (Cic.
2270 2563 2371 2604 Phil.
2396 2566 2428 2605 1.

264 2643 286 2696 ς
313 2642 349 2684 8.
383 2644 405 2696 S
433 2643 500 2693 9.).
558 2642 662 2682 Acta
702 2644 839 2683 autem
862 2640 1050 2682 Caesaris
1084 2640 1163 2681 iam
1192 2644 1409 2693 antequam
1438 2640 1681 2682 Octauianus
1708 2642 1921 2683 adueniret
1949 2641 2052 2682 falsa
2079 2642 2130 2682 ab
2156 2641 2330 2682 Antonio
2358 2655 2429 2696 pu-

266 2720 415 2761 blicata
439 2732 543 2769 esse,
573 2732 801 2773 quanquam
832 2718 1015 2759 Velleius
1044 2720 1123 2771 (60,
1150 2720 1191 2770 4)
1222 2722 1364 2773 postea
1393 2718 1566 2769 demum,
1595 2719 1813 2760 adiuuante
1841 2719 2064 2770 Dolabella,
2091 2719 2133 2760 id
2161 2719 2312 2761 factum
2339 2733 2431 2761 esse

262 2801 420 2848 narrat,
459 2810 534 2853 per
574 2810 618 2837 se
646 2796 799 2837 clarum
827 2802 901 2837 est.
959 2795 1143 2849 Namque
1170 2797 1209 2837 S.
1237 2795 1280 2837 C.
1310 2794 1422 2846 illud,
1445 2809 1523 2849 quo
1553 2795 1679 2837 omnis
1708 2796 1769 2837 uis
1798 2796 1984 2843 restituta
2000 2799 2077 2838 est
2101 2795 2201 2838 actis
2230 2796 2430 2847 Caesaris,

263 2874 396 2916 triduo
433 2877 524 2931 post
560 2878 731 2915 mortem
764 2873 871 2915 illius
904 2873 1054 2915 factum
1094 2877 1157 2915 est
1182 2872 1457 2927 (Drumannus
1492 2874 1532 2924 1,
1566 2873 1714 2916 11239.
1736 2874 1824 2926 ⁴⁴.).
1884 2871 2062 2916 Pecunia
2098 2872 2220 2916 etiam
2247 2887 2303 2916 ex
2332 2873 2430 2929 Opis

262 2952 413 3008 templo
439 2952 519 2993 iam
551 2953 672 2993 antea
701 2950 860 3006 direpta
887 2953 951 2992 est
982 2951 1034 3004 (2.
1061 2951 1124 3001 60,
1153 2951 1296 3002 4.)³9).
1353 2948 1500 2992 Postea
1536 2954 1672 2991 autem
1708 2950 1809 2992 haec
1835 2963 1902 2992 res
1929 2964 1955 2993 a
1985 2949 2142 2992 Velleio
2168 2950 2292 2993 inseri
2319 2951 2431 2993 uide-

263 3031 351 3077 tur,
393 3030 608 3082 propterea
638 3027 744 3080 quod
772 3026 971 3067 Antonius
1000 3026 1106 3066 illius
1134 3026 1328 3081 pecuniae
1356 3030 1470 3080 parte
1494 3026 1745 3067 Dolabellam
1773 3026 1951 3083 corrupit
1974 3026 2071 3080 (Cic.
2099 3026 2199 3068 Phil.
2232 3028 2257 3069 2
2287 3028 2308 3081 5
2337 3028 2431 3079 41.).

407 3163 464 3206 ⁸⁸)
485 3161 562 3196 Ἐτι
592 3160 665 3209 γὰρ
701 3160 820 3206 ᾤοντο
851 3161 919 3197 τὸν
943 3159 1058 3206 δῆμον
1089 3158 1246 3209 ἀκριβῶς
1276 3159 1469 3206 Ῥωμαῖον,
1504 3160 1585 3195 οἷον
1609 3163 1668 3195 ἐπὶ
1697 3163 1764 3195 τοῦ
1795 3159 1910 3196 πάλαι
1933 3159 2097 3209 Βρούτου
2121 3159 2189 3206 τὴν
2211 3159 2298 3195 τότε
2321 3162 2426 3205 βασι·

264 3222 365 3257 λείαν
390 3221 655 3268 καθαιροῦντος
680 3220 937 3255 ἐπυνθάνοντο
960 3221 1144 3268 γενέσθαι.
1169 3223 1259 3266 App.
1289 3222 1330 3254 Β.
1356 3221 1393 3254 C.
1418 3223 1451 3263 9,
1482 3223 1549 3254 120
1573 3232 1608 3266 p.
1633 3222 1714 3257 341.

403 3294 459 3334 Ι’)
487 3293 607 3325 Denuo
631 3293 732 3336 aliter
753 3292 794 3325 de
822 3292 983 3335 pecuniae
1005 3303 1137 3324 summa
1160 3291 1314 3324 Velleius
1340 3295 1439 3333 atque
1462 3291 1575 3323 ceteri.
1599 3291 1658 3323 cfr.
1684 3291 1836 3325 Kritzius
1862 3292 1896 3324 h.
1920 3292 1943 3324 l.
1968 3302 2000 3334 p.
2028 3293 2107 3325 310.
