2709 3576
1304 105 1368 155 35

260 217 762 272 sequi-sumena
785 217 917 260 duxit.
969 217 1023 260 Ei
1048 216 1178 268 onina,
1200 216 1284 270 -qui
1308 227 1412 257 unus
1439 216 1614 258 omnium
1644 216 1820 257 maxime
1840 217 2010 270 ‘negotia
2039 218 2080 258 ei
2106 218 2310 259 facessere
2339 230 2419 258 non

260 294 396 345 desiit,
419 293 574 344 Catani,
598 294 670 337 uel
694 294 806 336 ultra
829 297 1000 337 mutem
1025 294 1198 336 infe-tun
1220 295 1324 339 ,ortt-

279 399 281 403 ·
307 384 310 385 ’
400 371 518 420 Quae
551 371 612 414 de<
635 372 734 426 fuga
757 374 978 426 :morteque
996 370 1163 426 Pompei
1196 382 1223 412 a
1248 368 1405 412 Velleio
1440 374 1657 414 narrantur
1692 371 1874 425 uolgaria
1902 376 2006 413 sunt.
2062 371 2172 413 Illud
2198 375 2334 413 autem
2361 385 2417 415 ex

259 449 519 505 neglegentia
547 448 681 492 Vellei
705 448 870 493 uidetur
894 461 986 491 esse
1012 447 1288 504 repetendum,
1315 447 1421 501 quod
1451 460 1543 490 cum
1567 447 1816 490 Theodotum
1842 452 1885 490 et
1910 449 2114 491 Achillam
2139 450 2303 491 consilia
2330 450 2416 492 eius

257 526 524 574 intensae-di
549 526 694 570 secisse
710 528 861 569 vmii-ret
885 526 939 579 (2.
969 525 1034 576 53,
1061 525 1135 577 2.),
1175 524 1249 578 qui-
1268 523 1357 566 eius
1381 524 1520 566 mortis
1541 524 1780 580 praecipuus
1806 528 1948 568 auctor
1973 526 2061 576 fuit,
2088 525 2300 568 Pothinum
2328 528 2415 580 (cfr.

258 604 364 649 Plus.
395 604 510 646 Caes.
538 605 604 654 48,
636 605 691 656 3.)
718 614 769 646 ne
797 605 923 648 uerbo
949 603 1112 657 quidem
1137 603 1312 656 attingit.

1218 858 1220 862 ,
1270 794 1426 838 xvm.
1460 778 1462 780 ’

394 911 510 959 Quae
537 911 771 952 insecuntur
796 911 985 954 Caesaris
1014 911 1121 952 bella
1147 911 1268 951 ualde
1296 910 1561 962 neglegenter
1589 915 1632 949 et
1659 914 1779 950 extra
1801 910 1991 964 temporis
2019 910 2199 951 ordinem
2227 924 2415 953 enarran-

258 993 335 1031 tur.
396 989 555 1030 Bellum
590 988 697 1030 enim
722 988 998 1030 Pharsalicum
1035 993 1285 1042 exceperunt
1319 987 1535 1029 seditiones
1570 986 1884 1027 Alexandrinae.
1958 986 2139 1028 Velleius
2175 995 2311 1029 autem
2347 1001 2414 1030 ue-

257 1068 384 1116 nienti
408 1067 450 1107 in
472 1066 714 1119 >Aegyptum
741 1065 907 1107 Caesari
932 1066 1061 1106 factas
1091 1078 1182 1106 esse
1208 1064 1373 1105 insidias
1401 1065 1527 1105 refert
1552 1064 1604 1115 (2.
1635 1065 1700 1113 54,
1722 1065 1783 1114 1.),
1839 1063 1921 1104 Sed
1950 1078 2167 1105 concursus
2192 1065 2322 1106 factus
2351 1071 2414 1107 est

258 1144 312 1184 ad
337 1144 557 1187 Gaesarem
584 1142 644 1193 (B.
675 1142 718 1183 C.
743 1142 779 1183 3.
819 1143 906 1191 106,
935 1144 1011 1193 4.),
1040 1147 1083 1182 et
1118 1142 1288 1181 militum
1318 1142 1405 1181 eius
1435 1155 1514 1182 non
1541 1141 1642 1181 nulli
1671 1147 1764 1180 sunt
1791 1141 1998 1190 trucidati,
2029 1144 2074 1181 ut
2100 1142 2272 1182 libenter
2302 1157 2346 1182 se
2373 1144 2414 1183 in

258 1221 412 1273 regiam
448 1220 646 1273 reciperet
670 1219 762 1271 (Dio
784 1220 850 1268 42,
879 1221 943 1270 7.).
1000 1219 1088 1260 Hoc
1124 1219 1248 1271 igitur
1283 1219 1418 1258 statim
1455 1219 1506 1259 ab
1540 1217 1651 1258 initio
1686 1219 1836 1258 factum
1875 1224 1939 1258 est
1978 1232 2004 1259 a
2031 1219 2149 1271 uolgo
2177 1220 2410 1261 inordinato.

257 1297 355 1339 Post
380 1301 516 1339 autem
544 1297 695 1337 bellum
721 1310 800 1336 non
827 1309 854 1337 a
880 1297 997 1350 plebe
1026 1297 1249 1351 profectum
1277 1298 1351 1345 est,
1379 1296 1452 1336 sed
1479 1309 1505 1336 a
1525 1295 1757 1336 Ptolemaeo
1781 1309 1880 1348 rege
1911 1296 2075 1349 eiusque
2104 1297 2241 1337 amicis
2266 1298 2410 1339 confla-

256 1378 353 1417 tum.
410 1376 528 1422 Quod
554 1375 662 1429 apud
691 1374 892 1414 Velleium
918 1387 997 1414 non
1022 1374 1214 1415 adcurate
1242 1373 1511 1426 distinguitur.
1566 1372 1708 1425 Neque
1736 1373 1866 1425 magis
1896 1373 2001 1413 unde
2028 1373 2098 1414 illa
2125 1374 2164 1414 in
2193 1374 2408 1415 Caesarem

256 1453 317 1494 ira
352 1457 439 1494 orta
472 1452 526 1492 sit
559 1453 868 1492 demonstratur.
929 1450 1125 1505 Aegyptii
1151 1451 1258 1491 enim
1288 1451 1432 1505 partim
1461 1463 1585 1503 aegre
1613 1451 1814 1500 ferebant,
1857 1452 1959 1503 quod
1994 1452 2146 1493 Caesar
2172 1453 2409 1507 Cleopatrae

256 1530 437 1585 partibus
472 1533 611 1584 aperte
648 1529 778 1582 magis
812 1530 970 1570 faueret
993 1529 1052 1581 (B.
1081 1528 1124 1570 O.
1154 1529 1190 1570 3.
1226 1530 1311 1578 107,
1338 1529 1414 1580 2.),
1449 1529 1596 1583 partim
1633 1529 1783 1569 tributa
1812 1529 1992 1568 conferre
2017 1531 2292 1582 grauabantur
2319 1531 2408 1583 (Dio

256 1609 323 1659 42,
347 1608 417 1650 34:
455 1615 541 1658 ταῖς
566 1606 797 1661 εἰσπράξεσι
826 1607 1138 1661 βαρυνόμενοι),
1182 1618 1285 1659 quae
1324 1607 1373 1646 ob
1411 1606 1568 1660 pristini
1597 1606 1706 1658 regis
1731 1619 1801 1645 aes
1829 1606 2003 1646 alienum
2032 1608 2082 1646 ab
2111 1607 2170 1646 eis
2193 1589 2412 1660 exigeban-

255 1689 332 1727 tur.
347 1719 360 1729 .
393 1685 528 1739 Atque
556 1684 706 1725 bellum
727 1684 828 1724 illud
858 1697 949 1734 non,
976 1683 1036 1723 uti
1058 1696 1113 1723 ex
1132 1682 1263 1722 Vellei
1292 1683 1426 1723 uerbis
1454 1683 1638 1723 concludi
1668 1683 1804 1737 possit,
1835 1684 1971 1723 statim
1999 1684 2145 1724 finitur.
2210 1685 2290 1725 Sed
2312 1685 2409 1726 Cae-

255 1775 340 1812 sar,
368 1762 435 1815 qui
460 1763 630 1803 fortasse
659 1761 860 1802 difficilem
888 1774 1024 1800 rerum
1052 1764 1202 1800 statum
1228 1773 1308 1800 non
1336 1774 1500 1814 prorsus
1528 1761 1738 1815 perspexit
1766 1760 1885 1814 (Plut.
1918 1762 2032 1802 Caes.
2058 1762 2123 1810 48,
2148 1763 2183 1802 3.
2214 1762 2409 1802 Druman·

255 1853 330 1880 nus
358 1839 396 1889 3,
426 1840 542 1890 533),
579 1839 794 1879 admodum
826 1838 1104 1892 premebatur,
1142 1841 1188 1877 ut
1222 1840 1265 1877 et
1299 1850 1436 1890 regem
1469 1841 1630 1891 captum
1666 1838 1839 1877 retinere
1877 1845 1918 1877 et
1945 1837 2156 1878 Pothinum
2183 1839 2408 1879 interficere

256 1919 470 1969 cogeretur
496 1915 614 1968 (Plut.
641 1916 705 1965 49,
731 1916 767 1956 3.
797 1916 900 1969 App.
929 1916 967 1964 2,
989 1915 1052 1956 90.
1082 1914 1156 1954 Dio
1181 1915 1247 1964 43,
1272 1915 1365 1965 29.).

391 1992 505 2034 Bello
527 1991 804 2051 Alexandrino
834 1991 970 2034 statim
1000 1990 1235 2033 Africanum
1262 2004 1287 2032 a
1314 1990 1467 2032 Velleio
1495 1992 1738 2046 adiungitur.
1809 1992 1890 2033 Sed
1919 1996 1960 2033 et
1990 1993 2138 2033 bellum
2167 2006 2257 2033 cum
2285 1994 2407 2035 Phar-

254 2083 355 2112 nace
389 2069 597 2111 celerrime
626 2068 886 2124 compositum
913 2070 992 2122 (55,
1020 2068 1075 2120 2.)
1116 2068 1190 2109 hoc
1216 2068 1303 2109 loco
1336 2068 1592 2109 inserendum
1619 2069 1694 2109 fuit
1720 2074 1760 2110 et
1789 2070 2013 2115 enarranda
2044 2083 2112 2119 ea,
2151 2083 2253 2123 quae
2281 2084 2312 2110 c.
2343 2072 2406 2113 68.

255 2148 496 2195 referuntur,
525 2146 637 2187 Caeli
663 2146 903 2198 Milonisque
932 2146 1039 2186 facta
1066 2144 1187 2198 (Hirt.
1215 2145 1259 2186 B.
1280 2146 1344 2186 Al.
1368 2147 1458 2198 34.)
1514 2146 1669 2186 Deinde
1698 2161 1776 2187 non
1807 2154 2149 2197 commemoratur,
2180 2149 2407 2199 Caesarem,

254 2230 345 2278 post
383 2223 533 2263 bellum
570 2221 893 2274 Alexandrinum
923 2220 1093 2261 Romam
1132 2234 1354 2271 reuersum,
1390 2221 1627 2262 dictatorem
1661 2222 1738 2263 III.
1787 2227 1828 2263 et
1876 2224 2080 2263 consulem
2119 2237 2209 2264 esse
2246 2226 2405 2266 factum.

254 2291 403 2342 Contra
439 2304 549 2340 recte
576 2297 757 2339 Velleius
793 2297 993 2338 fortunam
1020 2296 1061 2336 in
1098 2295 1277 2337 Africam
1303 2296 1519 2338 Caesarem
1560 2297 1787 2339 comitatam
1823 2311 1912 2339 esse
1952 2299 2057 2340 dicit.
2122 2299 2226 2340 Nam
2262 2300 2406 2342 iterum

252 2377 325 2419 tali
352 2376 590 2418 difficultate
617 2376 842 2426 laborabat,
876 2377 922 2416 ut
943 2388 995 2416 eo
1023 2375 1198 2416 maxime
1227 2374 1524 2430 Scipionemv)
1554 2374 1753 2426 uinceret,
1800 2376 1906 2431 quod
1936 2376 2039 2419 Iuba
2063 2377 2235 2419 hostium
2263 2392 2407 2420 excur-

252 2455 428 2497 sionibus
458 2455 499 2495 in
525 2467 696 2508 regnum
722 2454 855 2494 redire
885 2442 1046 2494 coactus
1074 2456 1149 2493 est.
1207 2451 1297 2493 Non
1324 2453 1451 2492 minus
1479 2452 1600 2494 dubio
1627 2454 1759 2494 Marte
1788 2455 1829 2494 in
1856 2454 2053 2509 Hispania
2081 2461 2302 2510 pugnatum
2331 2463 2405 2508 est,

250 2536 296 2575 ut
332 2546 542 2584 „summus
575 2532 682 2573 illius
714 2532 905 2587 temporis
945 2531 1031 2571 dux
1070 2531 1180 2572 casui
1216 2531 1423 2572 uictoriam
1461 2531 1610 2572 debere
1647 2532 1890 2572 uideretur.“
1941 2532 2211 2586 (Drumannus
2239 2536 2262 2576 3
2275 2567 2284 2584 ,
2313 2536 2402 2577 628.

252 2611 327 2652 Dio
355 2612 421 2662 43,
448 2611 530 2662 38.)

386 2688 475 2728 Iam
503 2700 600 2727 uero
628 2687 779 2727 Caesar
803 2685 1064 2740 principalem
1091 2686 1133 2725 in
1160 2686 1365 2740 republica
1391 2687 1521 2726 locum
1548 2688 1720 2741 adeptus
1748 2701 1837 2726 esse
1867 2688 2013 2728 dicitur
2040 2690 2200 2741 quidem
2228 2692 2306 2740 (56,
2337 2692 2404 2741 3.),

250 2765 323 2805 sed
357 2765 500 2819 quibus
537 2765 659 2804 rebus
695 2776 739 2803 se
770 2764 857 2818 ipse
894 2763 1208 2813 confirmauerit‚
1245 2777 1424 2816 quaeque
1461 2765 1602 2803 fecerit
1634 2765 1686 2804 ad
1716 2769 1856 2804 uetera
1887 2767 2058 2819 partium
2089 2767 2221 2807 studia
2249 2781 2402 2822 compo-

250 2842 383 2882 nenda
408 2842 677 2897 populumque
706 2842 824 2881 nnius
850 2841 1016 2896 imperio
1040 2841 1409 2889 adsuesaciendum,
1439 2853 1604 2894 prorsus
1634 2842 1879 2882 omittuntur.
1937 2843 2084 2884 Contra
2108 2844 2218 2884 miris
2244 2845 2403 2897 quibus-

249 2917 343 2960 dam
374 2917 561 2959 orationis
580 2917 816 2971 amhagibus
832 2930 1022 2958 curruum
1037 2910 1336 2972 triumphalium
1351 2916 1688 2969 magnificentiam
1703 2918 1885 2959 Velleius
1905 2919 2095 2974 depingit.
2143 2920 2249 2967 Quid
2267 2926 2400 2961 autem

249 3008 416 3036 caussae
439 2994 579 3044 fuerit,
611 2981 692 3035 ¹cur
719 2993 871 3036 Caesar
887 3007 924 3037 ,a
949 2993 1047 3035 uiris
1076 2993 1285 3035 clarissimi
1312 2992 1478 3035 nominis
1503 2993 1814 3045 interficeretur,
1851 2995 1962 3036 uarie
1991 3009 2015 3036 a
2044 2996 2249 3037 ueteribus
2273 2997 2400 3051 expli-

391 3123 446 3165 Ἠ)
475 3123 586 3165 Quem
621 3121 709 3155 falso
733 3124 848 3155 namt
872 3120 1024 3155 Velleius
1050 3123 1107 3163 54,
1134 3123 1166 3156 2.
1203 3120 1373 3154 biennium
1397 3123 1475 3153 ante
1499 3124 1643 3154 mortem
1667 3131 1699 3164 a¹
1716 3120 1875 3164 Pompeio
1898 3131 2049 3154 socerum
2074 3132 2145 3154 esse
2170 3123 2307 3156 lectum.
2358 3125 2397 3155 A.

248 3183 339 3219 enim
363 3184 445 3219 700.
477 3182 545 3217 iau
574 3181 754 3226 Pompeias
783 3180 974 3217 Corneliam
1006 3180 1123 3220 duxit,
1149 3190 1223 3217 mm
1258 3190 1288 3214 a.
1316 3181 1392 3215 706.
1424 3180 1610 3217 decederet.
1635 3180 1696 3214 cfr.
1724 3179 1816 3213 Plut.
1841 3180 1962 3223 Pomp.
1988 3182 2052 3222 52,
2077 3182 2108 3213 2.
2143 3181 2210 3214 Dio
2235 3184 2302 3223 ⁴0,
2330 3184 2399 3217 51:

246 3237 356 3276 αὐτὸς
390 3240 583 3286 (Pompeius
618 3240 654 3273 iu
688 3239 865 3273 consulatu
896 3240 974 3277 sine,
1003 3241 1132 3284 eonega
1164 3241 1196 3274 ei
1227 3240 1353 3283 delato)
1386 3241 1573 3273 Σκιπίωνα
1605 3236 1785 3284 πένθερὸν
1816 3241 1861 3271 τέ
1879 3236 1916 3271 οἱ
1947 3237 2036 3272 ὄντα
2063 3237 2282 3285 προσείλετο.
2310 3245 2397 3286 App,

249 3302 282 3341 2,
309 3302 355 3334 24
380 3305 447 3335 etc.

2066 3356 2127 3396 51²
