2709 3576
1286 68 1349 117 28

238 177 421 219 Maxima
449 183 585 218 autem
612 180 702 218 erat
729 190 799 227 ea,
834 191 915 231 qua
944 179 1095 230 omnia,
1126 192 1229 232 quae
1256 179 1298 219 in
1325 179 1424 220 Asia
1451 179 1666 233 Pompeius
1693 177 1940 229 instituerat,
1977 191 2003 220 a
2030 178 2177 233 populo
2205 180 2295 219 rata
2318 184 2412 219 sunt

238 254 386 296 habita.
444 255 537 302 Qua
562 255 655 309 lege
683 268 926 309 quamquam
954 255 1144 312 Pompeio
1175 256 1328 298 Caesar
1355 257 1454 298 satis
1482 256 1687 297 commode
1714 256 1924 307 succurrit,
1950 260 2086 297 tamen
2113 255 2170 296 nil
2195 255 2333 309 magni
2359 268 2410 297 ea

238 331 452 387 Pompeius
481 336 721 374 consecutus
748 341 822 374 est.
887 334 1049 376 Etenim
1077 334 1154 376 nisi
1180 347 1284 388 quae
1311 334 1351 374 in
1378 334 1478 375 Asia
1508 335 1663 375 fecerat
1691 333 2050 389 confirmabantur,
2078 332 2313 388 Pompeius,
2341 333 2410 386 qui

240 409 291 450 de
320 412 404 450 toto
431 414 633 451 terrarum
661 412 759 452 orbe
786 412 1069 467 triumphauit,
1099 425 1124 452 a
1155 412 1308 453 Senatu
1334 424 1497 466 pessum
1525 411 1646 452 datus
1673 411 1841 452 iacebat.
1899 411 2050 453 Contra
2077 411 2111 451 si
2128 411 2294 453 Caesari
2315 410 2412 453 Gal·

240 486 318 527 liae
359 500 574 528 concessae
608 501 688 528 non
727 494 886 539 essent,
934 489 1107 529 fortasse
1142 487 1261 528 aliam
1298 501 1434 529 rerum
1475 488 1653 543 potiundi
1687 488 1795 529 uiam
1823 487 2187 542 circumspexisset.
2245 488 2414 529 Omnino

241 566 377 605 autem
404 565 451 615 is,
481 565 549 618 qui
581 566 758 606 nondum
784 566 836 606 ad
864 566 1019 618 gloriae
1036 565 1241 618 fastigium
1258 566 1539 616 adscenderat,
1567 566 1725 607 omniaa
1746 566 1878 606 ndens
1894 579 1974 606 11011
1989 566 2046 606 ita
2062 579 2212 619 magna
2226 567 2412 606 audebat.

241 641 357 682 Idem
383 642 425 682 in
454 656 575 696 agros
606 644 726 694 cadit,
753 644 959 685 ueteranis
991 644 1273 697 adsignandos.
1341 644 1482 698 Neque
1510 644 1615 684 enim
1642 650 1726 685 tam
1745 645 1959 685 commodo
1987 643 2152 698 Pompei
2182 645 2410 698 postulaba-

241 724 319 769 tur,
349 725 394 760 ut
422 721 570 761 milites
598 721 686 761 eius
712 734 833 774 agros
862 721 1078 775 promissos
1106 722 1347 776 acciperent,
1375 736 1495 776 quam
1520 721 1609 777 ipsa
1625 736 1704 775 qua
1721 722 1928 774 gaudebat
1941 721 2249 763 existimatione.
2294 721 2410 769 Quae

243 810 333 837 cum
373 797 429 838 ita
457 799 557 847 sint,
596 799 712 838 facile
741 799 994 851 intellegitur
1020 812 1162 839 uerum
1186 813 1301 849 esse,
1341 801 1447 853 quod
1477 813 1599 854 supra
1623 800 1818 848 diximus,
1852 799 2041 854 Pompeio
2071 800 2126 840 nil
2152 813 2176 840 a
2204 800 2282 840 III.
2314 799 2411 840 uiris

242 886 477 914 concessum
510 888 612 924 esse,
641 880 926 929 praeterquam
953 877 1059 928 quod
1088 890 1254 916 necesse
1277 877 1497 927 uideretur,
1525 885 1570 917 ut
1599 878 1650 917 ad
1681 877 1930 917 adiuuandos
1953 878 2130 931 collegas
2150 878 2249 919 satis
2265 878 2413 918 uirium

243 952 448 992 retineret.
507 953 588 994 Sed
628 954 748 994 aliter
788 966 854 993 res
884 967 928 993 se
951 954 1139 1003 haberet,
1182 955 1216 994 si
1243 954 1458 1008 Pompeius
1486 968 1565 995 non
1595 968 1649 994 ex
1675 939 1803 1007 aequo
1830 968 1919 994 cum
1951 954 2125 996 Caesare
2152 956 2315 995 consule
2345 956 2416 994 de-

243 1030 401 1082 signato
429 1030 593 1082 egisset,
627 1030 701 1070 sed
730 1044 821 1071 cum
851 1031 1020 1086 priuato,
1048 1032 1117 1085 qui
1145 1032 1196 1072 ad
1230 1033 1482 1073 consulatum
1510 1032 1634 1087 ipsius
1663 1032 1813 1073 auxilio
1844 1032 2140 1087 pramouendus
2166 1034 2285 1072 esset.

1258 1238 1405 1280 xlm.
1438 1280 1443 1286 „
1519 1292 1530 1299 .

380 1346 442 1386 De
472 1347 673 1388 Ciceronis
702 1347 945 1401 Catonisque
978 1348 1121 1388 exsilio
1158 1347 1238 1387 iam
1276 1360 1400 1400 supra
1425 1347 1544 1399 (1111,
1576 1349 1653 1399 11.)
1691 1347 1731 1388 111
1756 1353 1992 1388 transcursu
2020 1346 2169 1387 dictum
2199 1350 2271 1387 est.
2328 1346 2413 1387 Res

245 1431 380 1463 autem
411 1437 435 1464 a
465 1424 622 1464 Velleio
652 1425 709 1465 ita
736 1430 946 1474 narratur,
986 1429 1031 1465 ut
1058 1425 1184 1477 maior
1212 1424 1415 1465 Ciceronis
1444 1424 1573 1463 uirtus
1604 1427 1646 1463 et
1672 1423 1860 1478 potentia,
1891 1437 2011 1476 quam
2038 1436 2135 1462 uere
2165 1423 2249 1473 fuit,
2279 1423 2414 1463 uidea-

246 1507 313 1540 tur
342 1502 421 1552 (45,
444 1503 503 1551 1.).
565 1501 716 1543 Contra
746 1502 910 1543 Clodius
938 1506 1047 1542 recte
1077 1501 1328 1541 describitur.
1382 1501 1575 1540 Attamen
1606 1514 1678 1541 eae
1705 1501 1819 1553 leges
1842 1514 1919 1541 non
1949 1503 2246 1550 enumerantur,
2270 1500 2413 1553 quibus

246 1578 435 1631 populum
473 1578 546 1618 sibi
586 1579 789 1618 deuincirc
819 1579 973 1619 studuit
1003 1579 1092 1631 (Dio
1119 1579 1184 1627 38,
1221 1579 1278 1619 13.
1315 1579 1402 1628 14.).
1461 1578 1515 1618 Et
1551 1580 1682 1627 recte,
1716 1578 1750 1617 si
1777 1578 1891 1630 leges
1918 1591 1967 1617 ea
1994 1582 2160 1631 propter
2186 1578 2293 1618 latae
2324 1590 2415 1617 esse

247 1654 446 1703 dicuntur,
473 1662 517 1694 ut
546 1668 593 1694 eo
621 1656 745 1695 tutius
774 1655 1030 1710 priuilegium
1058 1656 1098 1695 in
1118 1656 1351 1697 Ciceronem
1380 1656 1638 1708 perferretur.
1698 1653 1803 1695 Nam
1831 1655 1913 1704 lex,
1940 1667 2020 1707 qua
2038 1654 2177 1695 Cicero
2205 1656 2304 1694 urbe
2333 1668 2414 1694 mo-

246 1737 311 1773 tus
340 1739 423 1782 est,
451 1747 530 1773 non
559 1747 663 1774 noua
694 1737 803 1783 erat,
832 1735 904 1774 sed
934 1747 1224 1788 saepenumero
1254 1733 1333 1773 iam
1366 1733 1548 1786 repetita.
1605 1732 1744 1773 Cicero
1773 1736 1908 1773 autem
1940 1745 1983 1772 se
2011 1732 2081 1773 illa
2112 1732 2194 1786 peti
2223 1732 2412 1782 sentiens,

246 1811 331 1866 ipse
356 1825 400 1850 se
428 1812 645 1860 accusauit,
677 1825 767 1853 cum
796 1812 907 1867 pulla
937 1815 1051 1852 ueste
1081 1812 1244 1852 indutus
1275 1811 1492 1852 Caesarem
1521 1810 1832 1865 Pompeiumque
1852 1811 2096 1865 supplicaret
2129 1810 2217 1863 (Dio
2234 1811 2298 1859 38,
2326 1812 2413 1862 14.).

246 1888 386 1942 Neque
423 1902 521 1930 uero
550 1894 613 1930 est
641 1890 827 1939 dubium,
871 1890 965 1943 quin
991 1890 1173 1939 Clodius,
1217 1889 1258 1929 ni
1282 1888 1434 1930 Caesar
1461 1889 1693 1929 moderatus
1722 1892 1851 1938 esset,
1896 1902 1974 1928 non
2004 1889 2095 1941 lege
2124 1902 2216 1928 eum
2244 1887 2417 1943 petierit,

247 1967 319 2005 sed
357 1968 622 2007 accusatione.
674 1967 905 2008 Reuocatus
939 1970 1074 2008 autem
1117 1973 1179 2007 est
1205 1966 1346 2008 Cicero
1384 1966 1489 2005 intra
1525 1965 1727 2005 biennium
1756 1967 1792 2019 (ξ
1809 1966 1873 2016 3.).
1931 1964 2035 2005 Nam
2071 1967 2247 2005 exeunte
2276 1977 2414 2004 mense

246 2043 394 2084 Martio
425 2045 491 2084 1161
518 2045 731 2104 incipiente
760 2045 891 2100 Aprili
919 2059 953 2085 a.
984 2046 1073 2086 696.
1113 2045 1243 2085 Roma
1273 2043 1396 2084 cessit
1420 2043 1488 2095 (ad
1515 2043 1599 2083 Att.
1631 2044 1668 2092 3,
1696 2043 1763 2094 2.),
1790 2056 1887 2102 non.
1909 2041 2021 2083 Sext.
2053 2055 2087 2083 a.
2115 2043 2203 2084 697.
2234 2042 2301 2095 (ad
2329 2042 2414 2082 Att.

246 2123 283 2160 4.
322 2123 352 2170 1,
378 2126 436 2172 4.)
468 2122 639 2162 Romam
668 2123 943 2177 proficiscitur,
971 2127 1016 2162 ut
1043 2122 1161 2162 XVI.
1193 2134 1354 2161 menses
1382 2120 1565 2161 abfuerit.

383 2200 482 2241 Cato
521 2205 657 2241 autem
694 2200 898 2240 honorifici
932 2200 1127 2239 ministeri
1153 2200 1269 2239 titulo
1299 2199 1480 2252 Cyprum
1511 2198 1657 2237 missus
1686 2200 1760 2246 est,
1798 2200 1844 2236 ut
1869 2197 2145 2238 Ptolemaeum
2173 2209 2299 2250 regno
2332 2209 2419 2251 spo-

246 2278 364 2318 liaret
392 2279 631 2331 diuitiasque
661 2278 747 2317 eius
771 2277 941 2317 Romam
974 2280 1278 2331 transportaret.
1333 2277 1482 2315 Missus
1513 2280 1649 2315 autem
1678 2275 1823 2315 dicitur
1853 2282 2048 2331 quaestor
2067 2289 2159 2314 cum
2183 2276 2276 2314 iure
2291 2289 2418 2330 prae-

247 2357 366 2397 torio.
423 2355 515 2402 Qua
555 2356 596 2395 in
632 2370 676 2396 re
706 2356 887 2396 Puteano
918 2357 1007 2397 802.
1038 2355 1274 2405 „interdum
1305 2354 1415 2393 uenit
1442 2354 1482 2393 in
1511 2356 1707 2402 mentem,
1743 2352 1876 2392 Vellei
1905 2351 2152 2404 diligentiam
2176 2351 2420 2404 requirere.“

245 2432 406 2487 Lipsius
433 2438 568 2473 autem
588 2435 875 2490 quaestorium
904 2447 978 2488 pro
1009 2441 1228 2490 quaestore
1257 2432 1434 2471 scribere
1463 2432 1557 2471 uolt.
1605 2430 1686 2471 Sed
1714 2430 1834 2470 ualde
1864 2430 1938 2469 hoc
1964 2441 2308 2483 superuacaneum
2336 2429 2418 2477 est3

246 2524 339 2551 nam
376 2514 612 2564 quaestores
650 2526 722 2565 pro
757 2514 944 2565 praetore
978 2512 1139 2565 saepius
1171 2512 1211 2550 in
1248 2510 1474 2565 prouincias
1511 2510 1791 2557 mittebantur,
1841 2507 1908 2561 qui
1945 2520 2023 2547 non
2058 2508 2175 2547 erant
2211 2508 2419 2560 praetores

246 2588 566 2641 (Marquardtius
594 2590 629 2630 3.
668 2591 708 2638 1,
738 2589 890 2630 28451.
934 2589 1222 2629 Mommsenius
1249 2589 1296 2638 3,
1329 2588 1404 2629 103
1433 2589 1499 2639 n.).
1566 2586 1687 2627 Falso
1724 2589 1860 2626 autem
1899 2585 1984 2625 sine
2012 2583 2332 2633 dubioPeterus
2362 2583 2420 2637 (2,

247 2667 355 2717 242.)
398 2652 654 2719 quaestorem
706 2672 801 2706 tunc
849 2667 974 2706 fuisse
1006 2667 1199 2707 Catonem
1241 2665 1395 2714 scribit,
1430 2665 1497 2717 qm·
1530 2664 1763 2704 iamdudum
1797 2662 1968 2703 Senator
2004 2664 2123 2701 esset.
2197 2661 2285 2701 Iam
2323 2673 2419 2701 uero

247 2743 505 2783 Drumannus
536 2744 592 2795 (2,
616 2745 724 2795 262.)
761 2758 927 2798 prorsus
951 2745 1094 2784 iniuria
1125 2744 1306 2798 Cyprum
1337 2742 1568 2781 Ptolemaeo
1597 2742 1779 2794 ereptam
1813 2751 1988 2794 opesque
2017 2738 2153 2791 regiae
2183 2750 2308 2791 gazae
2337 2737 2416 2778 Ro·

248 2833 354 2860 mam
383 2822 603 2861 translatas
628 2834 719 2860 esse
750 2822 855 2861 dicit.
928 2822 1046 2868 Quod
1079 2822 1112 2861 si
1139 2834 1283 2861 uerum
1311 2822 1438 2867 esset,
1477 2832 1549 2858 cur
1575 2817 1675 2858 Cato
1705 2829 1752 2857 eo
1780 2816 1908 2857 officio
1940 2819 2023 2857 tam
2053 2816 2225 2856 solerter
2255 2815 2417 2856 functus

248 2901 368 2948 esset,
401 2910 480 2938 non
515 2899 842 2952 intellegeretur,
883 2903 954 2940 aut
988 2913 1067 2953 qua
1104 2913 1147 2939 re
1185 2900 1352 2939 senatus
1383 2897 1517 2949 legem
1553 2894 1665 2935 illam
1692 2893 1872 2934 inhibere
1901 2893 2010 2936 nullo
2041 2894 2158 2935 modo
2185 2894 2414 2948 temptaret.

247 2976 391 3029 Itaque
422 2989 501 3016 11011
529 2977 694 3017 dubium
723 2981 856 3031 potest
884 2990 995 3025 esse,
1034 2977 1128 3029 quin
1157 2979 1199 3017 et
1226 2957 1327 3018 Cato
1359 2977 1400 3014 et
1428 2974 1640 3029 optimates
1670 2974 1955 3013 testamentum
1982 2971 2104 3021 illud,
2141 2984 2219 3025 quo
2246 2970 2417 3025 populus

249 3053 456 3094 Romanus
494 3055 613 3093 heres
650 3054 949 3104 institueretur,
981 3054 1209 3094 Alexandri
1248 3052 1333 3092 siue
1359 3052 1391 3091 Ι.
1434 3051 1519 3090 siue
1547 3050 1602 3090 Π.
1645 3049 1794 3089 iustum
1830 3052 2041 3102 ratumque
2070 3062 2160 3088 esse
2189 3046 2421 3088 censuerint

249 3129 406 3183 (Cicero
430 3132 481 3171 de
511 3132 534 3171 l.
565 3145 649 3184 agr.
683 3133 700 3172 1
735 3132 755 3185 ᾖ
786 3132 822 3172 2.
858 3133 878 3185 ἓ
905 3133 970 3172 41.
1017 3131 1305 3171 Mommsenius
1331 3130 1375 3179 3,
1404 3129 1456 3168 47
1487 3141 1524 3167 n.
1558 3127 1642 3167 151.
1685 3126 1811 3178 205),
1848 3126 1965 3167 sicuti
1990 3139 2161 3179 regnum
2198 3124 2419 3180 Attalicum

246 3208 353 3248 iusta
383 3208 609 3249 hereditate
639 3209 691 3249 ad
721 3222 790 3249 eos
818 3212 1072 3263 peruenerat.
