2709 3576
1126 303 1535 347 ARGVMENTVM.

1209 538 1303 564 PARS
1331 538 1455 564 PRIOR.

2167 588 2240 623 Pan.

518 645 544 679 1.
584 644 635 678 De
659 643 774 687 operis
799 640 970 676 Velleiani
1005 640 1146 674 consilio
1177 659 1214 663 —
1243 639 1285 672 de
1309 638 1520 673 festinatione
1546 638 1718 672 scribendi
1746 658 1782 662 >-
1815 638 1856 671 de
1883 638 2021 671 leuitate
2140 640 2211 671 3——
2227 641 2247 672 6

502 707 546 740 ῙΙ.
588 706 639 739 De
661 714 786 748 genere
812 703 986 737 scribendi
1009 704 1157 736 oratorio
1184 721 1222 726 —
1253 702 1294 734 de
1319 702 1512 735 adulatione
1542 721 1580 725 -—
1610 701 1654 734 de
1680 701 1803 733 militia
1836 726 1841 732 .
1893 728 1898 732 .
1950 727 1956 733 .
2008 727 2013 732 .
2136 702 2209 734 6„
2224 704 2244 734 8

490 767 551 801 ΙΙΙ.
594 767 644 800 De
668 766 818 809 partium
842 764 954 797 studio
980 788 2016 795 ...................
2139 764 2159 794 8
2174 784 2210 787 —
2230 765 2271 795 10

469 828 548 862 ῙΠΙ.
588 828 639 861 De
662 826 796 861 duabus
820 825 904 859 libri
928 823 1084 867 partibus
1115 843 1152 848 —
1182 824 1223 856 de
1248 825 1376 857 maiore
1400 835 1503 867 opere
1553 849 2018 857 .........
2119 826 2210 857 10-
2230 827 2266 856 ll

508 888 550 923 V.
591 888 641 922 De
665 886 816 921 fontibus
865 910 2018 920 .....................
2119 887 2155 917 11
2174 906 2209 909 --
2230 887 2269 919 15

1198 1039 1292 1065 PARS
1320 1038 1476 1065 ALTERA.

490 1138 550 1173 VI.
592 1138 642 1172 De
666 1138 887 1181 chronologia
910 1137 1090 1172 Velleiana
1122 1157 1160 1161 —
1188 1136 1231 1169 de
1258 1133 1357 1167 bellis
1381 1134 1614 1169 Macedonicis
1666 1162 2016 1170 .......
2119 1140 2158 1170 15
2174 1158 2211 1162 -
2232 1138 2270 1170 17

478 1200 554 1233 VII.
594 1200 644 1233 De
669 1199 900 1233 Gracchorum
925 1197 1150 1232 seditionibus
1208 1222 2019 1231 ...............
2120 1200 2158 1230 17
2173 1218 2210 1222 -
2229 1200 2269 1231 18

458 1260 551 1295 VIII.
595 1261 646 1294 De
673 1262 722 1295 M.
747 1261 847 1294 Liuio
874 1260 983 1294 Druso
1034 1284 2014 1292 ..................
2117 1261 2156 1292 18
2181 1280 2210 1283 -
2232 1260 2271 1293 19

437 1321 549 1356 VIIII.
590 1322 641 1356 De
667 1322 831 1356 seditione
856 1321 1055 1364 Sulpiciana
1091 1345 1958 1354 ................
1973 1324 1980 1332 ·
2007 1348 2013 1353 .
2113 1323 2153 1354 19
2182 1341 2205 1344 —
2225 1323 2265 1352 21

502 1383 547 1415 X.
588 1383 638 1415 De
666 1383 830 1416 seditione
856 1382 1006 1416 Cinnana
1030 1402 1068 1406 —-
1097 1382 1139 1414 de
1164 1380 1221 1415 Cn.
1250 1381 1410 1423 Pompeio
1430 1406 2014 1414 ...........
2114 1383 2153 1414 21
2172 1402 2209 1405 —
2226 1384 2269 1414 28

486 1444 549 1476 ΧΙ.
591 1444 641 1476 De
664 1443 762 1476 Sulla
787 1447 820 1477 et
842 1444 1053 1477 Mithradate
1094 1468 2017 1476 .................
2117 1445 2161 1476 23
2175 1465 2213 1467 --
2228 1445 2272 1476 24

467 1504 547 1538 XII.
586 1505 637 1538 De
662 1504 775 1539 Gnaeo
800 1505 963 1548 Pompeio
988 1505 1113 1547 Magno
1153 1530 2018 1538 ................
2117 1506 2161 1537 24
2177 1526 2214 1529 -
2231 1507 2274 1539 26

454 1565 553 1598 XIII.
593 1565 643 1599 De
667 1566 886 1599 triumuiratu
910 1567 1019 1609 primo
1092 1591 2020 1600 .................
2119 1567 2162 1599 26
2179 1587 2215 1590 —
2233 1568 2275 1599 28

387 1646 391 1650 -
437 1626 553 1660 XIIII.
596 1626 646 1660 De
671 1625 843 1661 Ciceronis
867 1626 1069 1671 Catonisque
1094 1627 1216 1660 exsilio
1266 1652 2021 1660 ..............
2120 1630 2164 1660 28
2179 1647 2216 1651 -
2233 1629 2276 1660 29

472 1688 550 1721 XV.
590 1688 640 1721 De
665 1690 852 1731 prouinciis
923 1714 1445 1723 ..........
1469 1705 1471 1707 >
1497 1714 2022 1722 ..........
2122 1690 2165 1723 29
2181 1710 2216 1713 —
2234 1691 2277 1723 30

455 1749 552 1783 XVI.
591 1750 641 1783 De
667 1751 885 1784 triumuiratu
909 1750 1074 1784 dissoluto
1093 1776 2023 1784 .................
2122 1753 2166 1784 30
2180 1771 2217 1775 —
2234 1753 2277 1784 32

435 1811 549 1845 XVII.
592 1812 642 1845 De
668 1812 760 1845 bello
785 1812 1003 1855 Hispaniensi
1026 1815 1060 1845 et
1083 1812 1284 1845 Pharsalico
1328 1838 2025 1846 .............
2123 1815 2166 1846 32
2182 1834 2218 1837 -
2236 1815 2279 1846 35

419 1873 551 1906 XVIII.
591 1874 642 1907 De
668 1873 767 1907 bellis
791 1874 1027 1907 Alexandrino
1052 1872 1172 1907 Africo
1197 1873 1416 1915 Hispaniensi
1449 1894 1483 1898 -
1515 1874 1557 1907 de
1583 1878 1692 1908 morte
1720 1873 1782 1908 Gai
1806 1873 1961 1908 Caesaris
2017 1902 2023 1907 .
2121 1877 2164 1909 35
2179 1896 2217 1899 —
2233 1876 2277 1909 36

402 1932 552 1966 XVIIII.
594 1934 645 1967 De
670 1933 772 1967 rebus
795 1934 874 1967 inde
900 1933 945 1967 ab
969 1934 1014 1967 id.
1040 1937 1135 1967 mart.
1160 1944 1268 1977 usque
1294 1934 1337 1967 ad
1360 1943 1506 1976 pugnam
1526 1934 1756 1967 Mutinensem
1783 1934 1907 1968 factis,
1958 1962 1964 1968 .
2016 1962 2021 1968 .
2120 1936 2164 1969 36
2180 1955 2217 1959 -
2233 1937 2277 1969 38

464 1994 545 2028 XX.
589 1994 639 2028 De
667 1995 887 2029 triumuiratu
913 1994 1020 2030 altero
1096 2021 1562 2029 .........
1612 2002 1620 2029 ῑ
1673 2023 2027 2031 .......
2124 1998 2167 2030 38
2182 2018 2220 2021 -
2234 1998 2278 2031 39

449 2055 548 2088 XXI.
590 2056 640 2088 De
664 2055 755 2089 bello
779 2056 995 2099 Philippensi
1028 2076 1065 2079 —
1093 2056 1135 2089 de
1161 2055 1192 2088 S.
1217 2056 1379 2099 Pompeio
1439 2082 2023 2090 ...........
2121 2061 2218 2090 40——
2234 2059 2278 2090 42

425 2116 542 2149 XXII.
583 2117 634 2149 De
658 2127 773 2159 pugna
799 2116 942 2150 Actiaca
970 2137 1008 2141 —
1038 2117 1081 2150 de
1107 2116 1288 2150 Octauiani
1315 2118 1507 2159 principatu
1556 2143 2023 2152 .........
2120 2121 2163 2151 42
2181 2140 2218 2143 —
2234 2120 2277 2152 43

408 2177 543 2211 XXIII.
583 2178 634 2211 De
659 2176 840 2211 Octauiani
865 2177 997 2211 familia
1047 2205 2024 2213 ..................
2121 2181 2166 2214 43
2181 2201 2218 2205 -—
2234 2182 2278 2213 4⁴7

388 2238 540 2272 XXIIII.
585 2239 636 2273 De
661 2239 801 2274 Tiberio
879 2266 2026 2275 .....................
2125 2244 2170 2275 47
2185 2263 2222 2266 —
2238 2243 2282 2276 49
