2709 3576
1178 767 1331 826 Pars
1366 767 1542 837 prior.

1333 908 1368 950 1.

425 1000 685 1069 opuseulum
720 1010 975 1050 Veneiauum
1012 1009 1054 1047 in
1091 1009 1247 1057 codice,
1283 1023 1360 1061 quo
1400 1010 1483 1051 solo
1509 1009 1563 1050 ad
1591 1022 1664 1048 nos
1690 1010 1891 1065 pervenit,
1920 1010 2175 1051 Murbacensi
2201 1012 2432 1053 inscribitur

286 1087 475 1145 historiae
505 1087 712 1127 Romanae
739 1085 830 1125 libri
857 1086 946 1125 duo.
983 1084 1107 1126 Cuius
1126 1085 1406 1138 ¹inscriptionis
1442 1085 1604 1137 singula
1634 1085 1720 1124 fere
1750 1087 1876 1130 verba
1903 1086 1959 1127 ita
1985 1086 2234 1140 impugnauit
2259 1087 2430 1141 Lipsius,

237 1148 239 1151 ¹
287 1167 340 1220 (p.
362 1164 441 1207 XI.
468 1163 571 1206 XII.
601 1164 664 1202 ed.
692 1162 855 1203 Ruhnk.
883 1162 1019 1217 prior.)
1058 1164 1104 1202 ut
1135 1175 1264 1214 neque
1301 1162 1454 1203 omnino
1482 1161 1687 1207 historiam
1713 1165 1784 1202 aut
1808 1161 2078 1205 Romanarum
2107 1177 2242 1205 rerum
2267 1178 2432 1207 enarrao

286 1242 434 1297 tionem
471 1241 534 1281 his
566 1241 678 1283 libus
715 1240 938 1288 continere,
970 1252 1045 1279 nec
1081 1240 1182 1283 duos
1219 1240 1416 1291 quondam
1449 1239 1571 1282 libros
1604 1238 1728 1279 fuisse
1765 1239 2007 1280 adfirmaret.
2061 1241 2241 1286 Quorum
2268 1243 2431 1294 quidem

288 1320 362 1362 bec
388 1319 445 1361 nil
472 1319 551 1359 huc
576 1318 683 1360 facit.
733 1317 794 1360 De
814 1330 864 1359 ea
884 1317 992 1357 enim
1010 1329 1066 1365 re,
1095 1330 1185 1355 cum
1205 1317 1381 1370 opusculi
1397 1329 1545 1369 magna
1566 1329 1661 1370 pars
1682 1315 1939 1367 interciderit,
1965 1317 2207 1371 prooemium
2224 1318 2430 1363 continens

285 1398 329 1436 et
359 1408 485 1439 annos
513 1395 622 1436 urbis
650 1395 741 1438 585.
766 1394 940 1449 priores,
977 1393 1216 1433 conicientes
1243 1406 1404 1447 operam
1431 1393 1643 1445 oleumque
1671 1394 1943 1448 perderemus.
1998 1395 2076 1435 Illa
2104 1399 2239 1435 tamen
2264 1396 2431 1448 diligen-

286 1473 365 1515 tius
398 1472 670 1515 examinanda
703 1474 808 1512 sunt.
864 1470 966 1514 Cum
997 1473 1134 1511 autem
1169 1471 1430 1524 prooemium,
1466 1473 1512 1509 ut
1547 1470 1636 1509 dixi
1662 1470 1752 1509 libri
1787 1471 1953 1524 perierit
1966 1472 2022 1521 ¹),
2052 1472 2198 1525 partim
2226 1486 2281 1512 ex
2310 1474 2430 1513 rebus

285 1563 389 1604 quae
416 1552 632 1592 narrantur
660 1548 769 1606 ipsis,
798 1548 945 1602 partim
963 1561 1019 1588 ex
1045 1548 1116 1598 eis,
1143 1560 1247 1602 quae
1275 1548 1325 1586 de
1345 1547 1503 1592 consilio
1529 1547 1621 1587 libri
1645 1547 1709 1587 hic
1734 1547 1815 1587 illic
1841 1547 1991 1588 inserta
2009 1552 2114 1598 sunt,
2143 1550 2238 1602 quid
2256 1550 2296 1589 in
2314 1550 2434 1591 histo-

222 1635 233 1644 *
284 1626 344 1669 ria
369 1602 656 1678 conscribenda
683 1627 846 1667 secutus
872 1625 936 1675 sit,
963 1624 1202 1665 eliciendum
1228 1628 1302 1665 est.
1352 1624 1482 1677 Atque
1510 1636 1652 1664 uerum
1672 1624 1833 1677 quidem
1848 1629 1923 1674 est,
1952 1624 2153 1665 Velleium
2182 1639 2207 1666 a
2226 1625 2343 1667 Troia
2361 1640 2431 1666 ex·

285 1706 463 1758 pugnata
500 1702 694 1755 orig-inem
729 1701 919 1745 narrandi
956 1701 1139 1751 trahere,
1175 1700 1389 1742 deflectere
1426 1713 1519 1741 eum
1554 1701 1608 1740 ad
1644 1714 1711 1744 res
1739 1701 1984 1742 Graecorum
2012 1703 2308 1752 describendas,
2338 1705 2433 1756 quin

285 1779 364 1820 imo
392 1779 443 1818 de
478 1779 599 1822 rebus
627 1778 890 1832 Assyriorum
920 1778 1211 1831 Medorumque
1238 1779 1401 1818 brevem
1427 1777 1645 1818 adnectere
1675 1778 1863 1819 notitiam.
1922 1779 2113 1818 Attamen
2143 1780 2283 1820 horum
2309 1794 2431 1835 popu·

284 1855 413 1897 lomm
438 1866 636 1907 nusquam
663 1858 816 1908 postea,
837 1854 913 1895 nisi
941 1854 1046 1897 sorte
1072 1867 1097 1895 a
1125 1853 1316 1894 Romanis
1345 1854 1446 1893 bello
1474 1853 1591 1908 petiti
1616 1858 1720 1903 sunt,
1751 1855 1990 1894 mentionem
2019 1856 2123 1895 facit.
2180 1856 2323 1909 Itaque
2350 1871 2431 1898 ma-

284 1932 349 1985 gis
386 1930 645 1984 neglegentia
682 1931 856 1984 quadam
892 1930 1054 1974 videtur
1078 1944 1147 1986 eos
1174 1931 1248 1971 hoc
1273 1931 1357 1971 loco
1382 1943 1730 1980 commemorasse,
1772 1944 1890 1984 quam
1927 1932 2032 1984 quod
2067 1932 2188 1972 totius
2211 1934 2341 1988 operis
2370 1948 2431 1975 ra·

284 2008 389 2051 tione
425 2008 712 2062 postulabatur.
771 2007 920 2050 Contra
954 2021 1021 2051 res
1049 2007 1297 2049 Graecorum
1333 2007 1510 2047 enarrari
1544 2007 1838 2062 scriptoresque
1867 2008 2044 2050 Graecos
2081 2011 2280 2049 recenseri
2305 2011 2346 2050 in
2375 2012 2431 2052 hi-

284 2084 407 2129 storia
429 2083 622 2134 Romana,
652 2097 730 2126 non
756 2086 820 2126 est
842 2084 948 2138 quod
975 2084 1175 2128 miremur.
1226 2083 1400 2125 Primum
1425 2083 1531 2125 enim
1557 2083 1745 2134 Romani,
1776 2089 1986 2139 postquam
2015 2086 2260 2128 Graecorum
2288 2088 2432 2132 litteris

283 2159 572 2215 aliquantisper
598 2159 726 2202 inbuti
750 2160 864 2211 sunt,
909 2173 988 2204 non
1019 2159 1099 2205 iam
1122 2161 1338 2202 extraneos
1365 2171 1432 2201 eos
1459 2160 1656 2215 putabant
1680 2172 1791 2212 esse,
1832 2161 1904 2201 sed
1932 2173 2025 2203 suos
2054 2166 2174 2217 atque
2204 2164 2428 2205 familiares.

283 2236 438 2281 Deinde
467 2250 558 2280 cum
588 2235 768 2281 Velleius
794 2249 850 2280 ex
872 2235 930 2279 eis
957 2239 1078 2287 esset„
1106 2236 1173 2290 qui
1199 2232 1333 2278 Tiberi
1360 2236 1645 2278 consuetudine
1673 2240 1893 2288 uterentur,
1921 2238 1975 2291 (2,
2001 2239 2088 2289 113,
2103 2240 2138 2281 3.
2174 2241 2258 2290 114,
2279 2242 2309 2280 1.
2344 2241 2430 2290 121,

283 2315 320 2356 3.
354 2314 441 2364 12-1,
466 2316 502 2354 4.
532 2314 603 2355 cfr.
628 2313 896 2363 Dodwellius‚
931 2327 1019 2356 ann.
1055 2312 1198 2354 Vellei.
1229 2311 1497 2367 §XXVIIIL
1531 2327 1569 2368 p.
1592 2312 1740 2356 CXIII
1766 2313 1815 2354 R.
1845 2314 2022 2356 Kritzius
2049 2314 2144 2367 XI.)
2173 2316 2224 2357 ad
2253 2315 2430 2358 Graecos

282 2392 415 2436 studia
452 2391 561 2440 eius,
597 2391 735 2443 siquae
763 2391 911 2435 harum
948 2404 1084 2433 rerum
1111 2393 1246 2441 erant,
1277 2378 1514 2435 necessitate
1545 2390 1719 2444 quadam
1747 2391 2040 2433 deferebantur.
2097 2391 2201 2438 Nam
2230 2392 2431 2435 Tiberium

281 2468 463 2524 putidam
484 2467 774 2513 Graeculorum
804 2467 913 2510 illius
949 2467 1139 2521 temporis
1169 2467 1388 2509 doctrinam
1414 2466 1613 2518 inrisisse,
1657 2468 1729 2508 sed
1756 2471 1941 2522 poemata
1967 2468 2229 2521 antiquiorum
2258 2468 2432 2512 Graeco·

281 2558 371 2585 rum
405 2545 603 2586 imitatum
633 2548 753 2597 atque
775 2545 817 2583 in
846 2557 1010 2583 secessu
1034 2544 1193 2586 Rhodio
1223 2544 1380 2585 scholas
1407 2557 1545 2584 eorum
1570 2547 1755 2585 >secutum
1785 2559 1888 2595 esse,
1913 2546 2018 2585 inter
2045 2559 2182 2586 omnes
2210 2550 2367 2588 constat
2379 2548 2429 2598 ²).

280 2622 463 2676 Denique
492 2635 559 2663 res
586 2622 833 2664 Graecorum
860 2621 917 2661 ita
953 2625 1188 2670 narrantur,
1235 2623 1280 2659 ut
1323 2620 1434 2672 quasi
1465 2621 1623 2664 ,aditum
1665 2622 1909 2675 patefaciant
1936 2622 1988 2662 ad
2025 2636 2091 2662 res
2129 2622 2330 2664 Romanas
2361 2623 2430 2664 de-

261 2696 526 2741 'scribendas
585 2700 719 2747 Quam
749 2700 886 2741 obrem
914 2699 981 2739 uel
1009 2699 1070 2741 his
1100 2699 1151 2737 de
1182 2698 1335 2738 caussis
1364 2711 1441 2737 non
1468 2698 1606 2747 uideo,
1637 2712 1708 2739 cur
1736 2698 1881 2739 codicis
1908 2699 2111 2753 inscriptio
2135 2704 2322 2741 mutetur.

424 2776 506 2816 Sed
534 2777 680 2817 clarius
708 2777 829 2818 etiam
854 2779 1007 2818 rectam
1033 2789 1123 2816 eam
1151 2788 1242 2815 csse
1268 2774 1488 2828 adparebit‚
1519 2775 1554 2815 si
1579 2789 1652 2818 cur
1670 2775 1851 2815 Velleius
1878 2776 2054 2818 libellum
2085 2778 2289 2831 scripserit
2307 2779 2432 2818 consi-

432 2890 461 2927 1)
486 2889 527 2923 In
551 2899 618 2934 quo
643 2888 820 2924 eonsilium
850 2889 955 2924 totius
980 2888 1088 2923 libelli
1114 2886 1302 2932 expositum
1324 2897 1405 2928 esse,
1430 2896 1505 2920 cum
1529 2899 1590 2932 per
1616 2899 1650 2921 se
1679 2888 1850 2932 probabile
1873 2889 1928 2930 sit,
1954 2894 2025 2921 tum
2049 2899 2089 2921 ex
2114 2890 2230 2923 multis
2254 2891 2337 2923 locis
2353 2896 2432 2935 apte

280 2948 474 2993 conligitur.
499 2947 559 2981 cfr.
587 2950 621 2983 2.
640 2950 689 2982 ho
713 2948 737 2992 fi
752 2951 785 2983 1.
809 2949 858 2983 89
878 2949 951 2990 3‘6.
973 2949 1023 2982 86
1047 2949 1067 2988 5
1092 2949 1113 2980 3
1150 2947 1295 2989 (semper
1324 2946 1553 2989 pangi-phos
1582 2947 1699 2980 *citabo
1730 2946 1890 2979 editionis
1912 2947 2176 2981 Ruhnkeninnae
2202 2949 2335 2991 prioris.
2372 2949 2432 2985 eu.

277 3007 442 3048 maius,
466 3006 619 3050 prolegg.
642 3006 738 3049 XX.)
1091 3002 1097 3009 ‘

427 3066 460 3108 ²)
488 3064 580 3099 Suet.
604 3063 681 3099 Tib.
705 3067 760 3100 11.
786 3066 844 3101 56.
871 3064 927 3100 70.
949 3063 1024 3108 (cfr.
1048 3062 1265 3097 Casaubonus
1291 3060 1334 3095 ad
1362 3060 1395 3094 h.
1417 3059 1440 3096 l.
1463 3062 1499 3104 4,
1524 3062 1570 3097 60
1593 3063 1664 3107 W.)
1693 3062 1864 3098 Hoeekius
1886 3062 1984 3098 ΕΒ.
2000 3064 2032 3106 2,
2056 3065 2113 3100 56.
2163 3064 2331 3112 Sauppius
2360 3066 2435 3111 qui-

280 3122 355 3157 dem
380 3124 484 3169 (Mus.
511 3123 615 3157 Helu.
642 3125 674 3165 1,
701 3123 803 3167 172),
828 3133 913 3167 quae
946 3121 987 3156 de
1012 3120 1148 3156 Graecis
1173 3119 1290 3155 Tiberi
1321 3118 1441 3153 studiis
1472 3120 1578 3154 tradit
1603 3121 1784 3155 Suetonius
1816 3132 1882 3155 non
1909 3122 1951 3154 'in
1973 3122 2107 3156 laudem
2132 3123 2204 3157 eius
2225 3126 2347 3166 vertit,
2375 3126 2434 3159 sed

278 3181 486 3215 miserabile·
517 3180 676 3225 quasdam
699 3180 844 3225 ineptias
871 3181 975 3215 fuisse
999 3179 1094 3215 dicit.
1141 3178 1242 3220 Quod
1265 3189 1328 3219 ego
1352 3177 1439 3210 unde
1464 3179 1548 3212 sciat
1570 3179 1693 3212 nescio.

2101 3241 2115 3278 ι
2137 3238 2162 3262 *2
