2709 3576
1324 113 1386 161 27

279 225 401 266 animi
426 225 640 277 ing-cuique
671 224 787 265 dotes
815 223 997 264 Velleius
1023 227 1236 265 enumerat
1262 224 1508 272 omittamus;
1535 237 1639 277 quae
1666 237 1760 264 eum
1789 224 1933 269 fecisse
1960 229 2100 266 narrat
2126 225 2435 267 consideremus.

277 303 340 343 Ac
366 304 539 357 primum
565 302 728 355 quidem
755 303 807 341 de
835 302 1091 342 triumuiratu
1117 301 1407 355 dispiciendum
1432 304 1507 342 est.
1556 302 1679 343 Cuius
1708 316 1876 342 caussae
1903 316 1928 342 a
1951 302 2108 342 Velleio
2135 317 2214 343 non
2242 308 2324 344 tam
2351 305 2435 345 alte

216 409 220 411 -
277 383 527 435 repetuntur,
553 391 674 432 quam
700 378 890 418 uidentur
916 391 1007 417 esee
1034 379 1291 433 repetendae.
1337 379 1419 418 Sed
1449 379 1593 432 quibus
1610 380 1731 418 rebus
1752 379 1966 434 praecipue
1983 381 2168 419 commoti
2184 381 2275 429 sint,
2306 385 2352 419 ut
2366 381 2435 419 illo

275 457 362 512 ipso
391 458 571 511 tempore
598 455 800 510 potentiae
829 455 1061 495 societatem
1096 455 1254 504 inirent,
1283 459 1394 494 recte
1418 457 1597 511 explicat
1622 458 1673 508 (2.
1696 459 1761 505 44,
1775 459 1841 507 2..)
1889 456 2050 510 Quippe
2079 457 2232 496 Caesar
2260 458 2435 496 nondum

275 535 375 575 satis
401 535 547 574 uirium
576 535 769 583 habebat,
805 537 852 573 ut
876 533 1085 587 Pompeio,
1113 533 1333 573 clarissimo
1359 534 1443 573 01110
1473 535 1593 574 dubio
1620 535 1727 574 illius
1754 534 1945 589 temporis
1972 535 2214 589 imperatori,
2243 536 2433 575 resistere

274 614 413 668 posset
436 610 527 665 (Dio
550 612 616 662 37,
644 612 737 663 55..)
790 610 1014 666 Pompeius,
1041 610 1110 664 qui
1136 622 1325 664 magnam
1352 623 1487 651 rerum
1516 612 1697 667 potiundi
1726 618 1820 652 tunc
1846 612 2183 667 opportunitatem
2213 613 2436 653 cunctando

275 689 564 744 praetermisit,
600 689 653 729 ad
689 689 845 729 initium
881 688 1068 728 curriculi
1100 688 1273 729 reiectus
1306 691 1415 738 erat,
1450 693 1496 729 ut
1530 689 1617 744 ipse
1654 703 1757 742 quae
1793 690 1919 730 uellet
1954 689 1998 729 se
2026 689 2110 729 suis
2138 690 2289 730 uiribus
2318 690 2434 745 perfi-

276 779 369 807 cere
403 779 482 807 non
522 778 639 821 posse
673 765 940 819 intellegeret.
996 764 1101 805 Nam
1130 778 1221 805 cum
1249 777 1299 805 ea
1325 766 1391 806 uia
1419 766 1546 806 semel
1573 766 1781 819 ingressus
1809 770 1937 816 esset,
1971 773 2014 806 ut
2044 779 2146 820 quae
2175 767 2297 807 armis
2327 767 2435 807 facil·

278 843 370 884 lime
398 843 577 884 obtinere
605 845 751 897 posset,
781 855 830 884 ea
857 842 1015 895 legibus
1043 842 1210 896 adipisci
1240 847 1463 892 conaretur,
1491 843 1660 884 aliorum
1690 844 1816 884 auxili
1840 849 1978 884 contra
2002 844 2194 886 Catonem
2224 844 2434 885 Senatum-

276 933 354 972 que
383 919 601 972 indigebat,
629 923 674 958 ut
698 919 744 968 is,
773 932 892 972 quem
919 918 959 957 in
976 919 1075 958 Asia
1103 921 1252 970 statum
1278 918 1517 967 induxisset,
1546 932 1572 959 a
1589 919 1741 959 Senatu
1762 923 1874 959 ratus
1892 920 2119 960 haberetur.
2165 920 2283 966 Quod
2311 921 2351 960 ni
2367 920 2434 960 fie-

275 1000 358 1046 ret,
396 1009 474 1036 non
502 997 619 1037 modo
646 997 773 1036 omnis
801 1009 850 1036 ea
877 982 980 1048 quae
1008 997 1190 1035 maneret
1217 996 1393 1049 potentia
1421 996 1457 1035 ei
1485 996 1675 1050 adempta
1702 1000 1830 1045 esset,
1868 997 1941 1036 sed
1971 997 2012 1037 in
2040 996 2184 1037 ciuium
2212 997 2430 1051 prouincia·

273 1086 441 1126 rumque
477 1077 747 1127 contemptum
786 1085 829 1111 se
860 1072 1113 1111 incursurum
1152 1086 1241 1112 esse
1281 1073 1454 1113 uidebat.
1511 1073 1684 1114 Crassus
1713 1073 1883 1126 denique
1912 1074 2108 1125 reg-nandi
2137 1074 2303 1128 cupidus
2334 1080 2435 1124 erat,

273 1151 368 1190 nihil
395 1164 552 1199 curans,
581 1155 716 1189 utrum
745 1150 871 1203 primo
901 1163 953 1189 an
979 1151 1154 1190 secundo
1183 1151 1268 1190 loco
1298 1151 1618 1190 constitueretur.

406 1228 493 1266 Iam
522 1241 619 1266 uero
648 1227 934 1266 Mommsenius
966 1227 1051 1266 195.
1090 1231 1245 1276 narrat,
1282 1230 1366 1266 tres
1403 1227 1522 1276 uiros,
1559 1231 1603 1266 ut
1631 1241 1733 1279 quae
1758 1227 1909 1266 uellent
1934 1229 2184 1281 perficerent,
2212 1228 2430 1270 Caesarem

272 1305 475 1345 consulem
503 1304 655 1343 fecissc.
712 1304 797 1343 Nec
825 1318 921 1344 uero
950 1305 1106 1353 desunt,
1136 1305 1278 1357 quibus
1308 1305 1380 1344 1100
1410 1305 1676 1344 confirmetur.
1725 1304 1827 1343 Rem
1856 1305 1960 1345 cnim
1986 1306 2042 1345 ita
2066 1307 2319 1347 tradiderunt
2337 1307 2429 1347 Plu-

272 1383 435 1424 tarchus
464 1382 594 1435 (Caes.
628 1382 689 1432 13,
718 1382 754 1422 2.
783 1382 918 1437 Pomp.
949 1384 1013 1432 47,
1050 1384 1099 1434 1.)
1127 1383 1335 1436 Appianus
1364 1382 1422 1435 (B.
1449 1382 1491 1423 C.
1517 1383 1554 1432 2,
1586 1383 1621 1422 9.
1651 1381 1904 1438 συμπράξειν
1930 1387 1972 1433 ἐς
2002 1384 2076 1438 τήν
2106 1385 2305 1429 ὑπατείαν
2335 1389 2427 1429 ἐπο-

270 1461 400 1513 μόσας
435 1461 477 1514 [ὁ
514 1460 772 1513 Πομπήιος])
799 1460 874 1499 Dio
904 1461 984 1511 (37,
1013 1461 1094 1511 55.)
1130 1460 1304 1499 Zonaras
1335 1463 1417 1509 (10,
1444 1462 1469 1500 6
1497 1475 1534 1514 p.
1564 1461 1654 1501 315.
1695 1465 1760 1501 καὶ
1789 1457 1856 1502 ὑπ’
1885 1463 2043 1516 ἀμφοῖν
2077 1461 2211 1516 ὥσπερ
2248 1467 2429 1517 δορυφο-
2502 1464 2506 1466 ’

270 1538 474 1591 ρούμενος
506 1540 546 1586 ἐς
577 1535 776 1580 ὑπατείαν
806 1537 1047 1591 προήχθη.)
1109 1537 1258 1578 Contra
1284 1537 1463 1576 Velleius
1493 1538 1577 1587 (44,
1600 1536 1652 1590 1.)
1681 1537 1855 1577 Caesare
1882 1538 1961 1577 iam
1985 1539 2146 1578 consule
2172 1540 2313 1580 initum
2341 1554 2431 1580 esse

269 1616 565 1657 triumuiratum
596 1615 804 1666 adfirmat,
844 1615 1057 1656 Suetonius
1085 1615 1180 1670 (Iul.
1212 1615 1285 1664 19„
1314 1628 1432 1667 quem
1460 1614 1588 1654 secuti
1616 1618 1711 1654 sunt
1737 1615 1992 1655 Drumannus
2013 1617 2050 1665 3,
2085 1617 2231 1666 19270,
2259 1617 2429 1658 Peterus

269 1694 307 1743 2,
335 1692 457 1746 231.),
486 1692 701 1734 Caesarem
726 1693 930 1733 consulem
953 1692 1208 1745 designatum
1236 1691 1378 1741 fuisse,
1406 1691 1545 1730 Liuius
1576 1692 1699 1743 (103.)
1729 1692 1986 1732 candidatum
2016 1694 2256 1733 consulatus.
2298 1696 2429 1742 Quem

268 1771 393 1821 idem,
431 1771 537 1824 quod
566 1753 798 1811 Suetonium
829 1769 1074 1823 sig-nificare,
1115 1783 1170 1814 ex
1201 1769 1288 1824 ipsa
1322 1769 1380 1808 rei
1406 1775 1551 1809 natura
1583 1770 1848 1823 consequitur.
1905 1769 1943 1808 N
1945 1783 2009 1809 am
2038 1770 2250 1811 Caesarem
2280 1778 2349 1812 aut
2373 1773 2428 1813 ita

268 1849 441 1899 ambisse
478 1848 728 1888 consulatum
763 1851 891 1903 patet,
931 1853 976 1887 ut
1011 1860 1055 1887 se
1091 1847 1203 1886 illum
1237 1847 1476 1901 adepturum
1511 1860 1602 1886 esse
1630 1847 1794 1901 Pompei
1822 1846 2037 1901 Crassique
2068 1862 2141 1903 ope
2175 1850 2316 1899 sciret,
2344 1855 2425 1900 aut,

269 1938 361 1965 cum
397 1925 596 1965 consulari
634 1927 832 1979 potestate
860 1925 1009 1964 fretum
1035 1937 1079 1963 se
1107 1924 1237 1977 magis
1267 1937 1321 1963 ex
1350 1937 1475 1977 aequo
1505 1937 1596 1964 cum
1623 1924 1774 1977 Magno
1803 1931 1844 1964 et
1873 1938 1963 1964 cum
1994 1925 2125 1964 Diuite
2155 1926 2205 1964 de
2235 1928 2425 1967 societate

270 2002 472 2056 potentiae
502 2004 685 2042 acturum
710 2014 801 2041 0000
828 2004 1031 2056 speraret,
1066 2000 1171 2041 omni
1198 2001 1315 2041 modo
1345 2000 1481 2040 consul
1511 2001 1716 2054 designari
1745 2001 2008 2041 contendisse.
2057 2002 2160 2041 Dum
2184 2011 2318 2043 autem
2339 2005 2424 2058 ipse

268 2080 395 2121 auxili
422 2085 561 2121 contra
589 2083 773 2121 senatum
798 2078 974 2120 maxime
1000 2078 1220 2131 indigeret,
1266 2084 1311 2119 ut
1340 2078 1589 2119 consulatum
1614 2079 1868 2133 impetraret,
1909 2079 2098 2120 Crassum
2124 2088 2166 2120 et
2192 2080 2424 2136 Pompeium

268 2171 361 2198 eum
387 2158 668 2198 reconciliasse
695 2160 851 2212 putare,
883 2156 938 2197 nil
966 2158 1088 2197 habet
1115 2156 1288 2197 rationis.
1330 2156 1433 2196 Nam
1461 2169 1562 2209 quas
1586 2156 1645 2196 illi
1675 2157 1864 2197 uolebant
1891 2156 2065 2206 Caesari,
2093 2158 2145 2198 ad
2174 2159 2425 2200 consulatum

267 2235 445 2290 ipsorum
467 2248 589 2290 opera
619 2237 820 2290 prouecto,
853 2234 1104 2275 condiciones
1132 2233 1406 2289 praescribere
1434 2237 1631 2289 poterant.
1689 2234 1841 2275 Verum
1868 2237 2002 2275 tamen
2024 2235 2095 2284 eis,
2123 2249 2226 2289 quae
2261 2237 2423 2278 consule

266 2312 441 2355 Caesare
481 2315 565 2353 tres
603 2312 680 2353 uiri
706 2312 913 2353 commoda
941 2312 1078 2367 adepti
1104 2315 1209 2362 sunt,
1240 2314 1395 2353 tantum
1422 2312 1549 2362 abest,
1580 2315 1626 2352 ut
1650 2311 1706 2352 nil
1735 2317 1828 2352 ante
1857 2312 1994 2353 initam
2027 2313 2261 2354 societatem
2289 2321 2425 2370 poten-

264 2390 344 2431 tiae
371 2390 413 2430 in
441 2390 615 2431 Caesare
646 2390 770 2430 fuisse
801 2390 1110 2438 demonstretur,
1138 2392 1184 2430 ut
1198 2388 1350 2431 Caesar
1373 2402 1475 2429 unus
1502 2402 1645 2429 uerum
1669 2402 1723 2429 ex
1755 2385 1966 2430 consulatu
1994 2390 2168 2431 fructum
2195 2392 2422 2446 percepisse

265 2467 463 2508 uideatur.
518 2466 653 2507 Prima
688 2466 814 2520 igitur
838 2466 1024 2508 Caesaris
1059 2466 1130 2506 lex
1167 2470 1256 2507 erat
1282 2466 1452 2519 agraria.
1510 2466 1604 2513 Qua
1631 2479 1722 2506 eum
1752 2465 1936 2506 sanxisse
1965 2472 2105 2507 narrat
2134 2467 2336 2518 Velleius,
2378 2477 2423 2510 ut

264 2558 365 2597 ager
393 2544 622 2598 Campanus
647 2544 754 2598 plebi
782 2544 1033 2583 diuideretur
1061 2544 1115 2593 (2.
1145 2545 1210 2593 44,
1226 2546 1294 2595 4.).
1347 2544 1496 2585 Contra
1522 2543 1598 2584 Dio
1624 2544 1689 2593 37,
1722 2546 1754 2583 1.
1783 2544 1914 2597 ipsum
1942 2544 2055 2583 illum
2081 2559 2224 2597 agrum
2254 2548 2422 2602 Campa-

264 2635 379 2672 num,
413 2622 560 2676 quippe
596 2621 664 2674 qui
697 2621 904 2661 fertilitate
932 2623 1178 2675 praestaret,
1214 2621 1307 2674 lege
1329 2634 1354 2662 a
1378 2620 1655 2661 distributione
1683 2625 1898 2674 exceptum
1928 2635 2036 2670 esse,
2076 2631 2118 2662 et
2148 2624 2355 2677 Appianus
2381 2626 2420 2674 2,

268 2700 329 2740 10.
364 2699 422 2739 eis
456 2701 613 2739 tantum
647 2712 740 2739 eum
773 2711 864 2739 esse
902 2698 1159 2739 distributum
1199 2698 1345 2748 refert,
1384 2697 1450 2751 qui
1489 2698 1563 2738 tris
1604 2694 1750 2738 liberos
1779 2707 2068 2752 procreassent.
2127 2701 2208 2741 Sed
2239 2714 2329 2741 cum
2358 2701 2421 2743 Ci-

265 2789 358 2817 cero
389 2778 460 2828 (ad
488 2777 572 2817 Att.
600 2777 637 2817 2.
666 2778 779 2826 16,1.
812 2777 872 2826 18,
891 2777 947 2823 2.)
978 2775 1171 2831 Campani
1204 2777 1294 2829 agri
1328 2775 1519 2815 diuisione
1556 2776 1731 2815 omnium
1760 2776 1911 2815 animos
1939 2777 2108 2816 excitari
2137 2779 2297 2828 scribat,
2325 2780 2420 2833 quin

265 2867 366 2908 ager
393 2854 623 2909 Campanus
646 2868 702 2894 ex
731 2868 780 2895 ea
804 2855 898 2908 lege
925 2855 1143 2895 maximam
1170 2861 1324 2909 partem
1355 2853 1591 2893 distributus
1622 2854 1693 2903 sit,
1722 2867 1801 2893 non
1825 2858 1900 2902 est,
1930 2867 2001 2893 cur
2028 2855 2266 2896 dubitemus.
2298 2857 2419 2905 (Dru-

264 2946 436 2974 mannus
461 2934 500 2982 3,
528 2933 603 2974 ¹98
616 2935 647 2972 ⁵.
675 2933 965 2973 Mommsenius
992 2933 1030 2982 3,
1060 2933 1170 2981 4984
1207 2932 1324 2972 aliter
1351 2932 1473 2970 sentit
1499 2930 1671 2971 Peterus
1699 2932 1736 2980 2,
1756 2932 1864 2983 231.)
1921 2931 2075 2971 Deinde
2104 2946 2181 2972 non
2216 2913 2420 2975 ueteranis

263 3013 420 3051 tantum
443 3009 608 3065 Pompei
633 3023 659 3050 a
686 3010 785 3050 XX.
826 3010 924 3050 uiris
961 3023 1082 3063 agros
1119 3010 1351 3062 adsignatos
1387 3021 1497 3057 esse,
1536 3010 1609 3048 sed
1650 3009 1738 3049 aliis
1772 3008 1893 3048 etiam
1931 3009 1982 3047 de
2017 3010 2134 3063 plebe
2163 3016 2206 3050 et
2230 3025 2253 3050 e
2285 3012 2417 3053 Vellei

263 3088 399 3129 uerbis
426 3087 663 3128 concludere
691 3100 903 3142 possumus
931 3090 973 3127 et
1000 3088 1052 3127 ab
1083 3087 1170 3127 aliis
1198 3087 1318 3126 etiam
1351 3085 1609 3139 scriptoribus
1638 3085 1895 3125 confirmatur
1929 3086 2017 3138 (cfr.
2048 3086 2154 3126 Plut.
2185 3087 2323 3144 Pomp.
2352 3091 2417 3140 47,

261 3167 299 3208 3·
337 3163 469 3216 εὐθύς
504 3166 545 3207 δὲ
574 3166 821 3215 θεραπεύων
850 3165 921 3209 τόν
949 3167 1113 3221 ἄπυρον
1148 3168 1213 3209 καὶ
1239 3166 1393 3217 πένητα
1421 3164 1486 3206 κτὲ
1505 3168 1533 3214 J.
1604 3163 1693 3202 Non
1723 3163 1845 3213 igitur
1870 3163 1922 3201 ad
1951 3163 2078 3202 solum
2100 3164 2335 3219 Pompeium
2362 3180 2417 3207 ex

264 3243 339 3284 hac
371 3222 461 3296 lege
490 3242 739 3282 commodum
752 3242 1006 3292 redundauit,
1036 3242 1108 3282 sed
1122 3242 1242 3282 etiam
1264 3240 1413 3282 Caesar
1432 3240 1623 3280 maiorem
1641 3239 1747 3293 apud
1763 3239 1953 3293 populum
1975 3241 2149 3292 gratiam
2165 3242 2262 3282 iniit.
2301 3244 2417 3285 Cete—

266 3333 332 3362 ras
362 3320 475 3374 leges
505 3322 667 3374 praeter
695 3319 880 3360 decretas
895 3319 1061 3362 Caesari
1088 3319 1129 3359 in
1151 3318 1460 3372 quinquennium
1481 3317 1635 3358 Gallias
1664 3329 1741 3356 non
1758 3320 2042 3357 commemorat
2059 3317 2239 3359 Velleius
2268 3321 2318 3371 (I,
2348 3323 2415 3375 6.).

2083 3385 2145 3424 411-
