2709 3576
1312 108 1378 162 23

259 229 390 267 meu
422 224 568 266 -Vie'tis
603 227 739 267 autem
773 225 914 267 ulteris
945 226 1051 267 utris
1075 226 1257 282 partibus
1284 227 1447 280 neglegi
1474 239 1553 267 non
1580 226 1698 267 facile
1724 225 1870 280 potuit,
1904 226 1971 278 qui
1997 226 2217 265 maximum
2245 226 2419 266 omnium

261 302 488 345 exereitum
513 302 693 345 haberet.
750 301 942 345 Amen
969 303 1111 346 contra
1136 302 1251 357 leges
1279 303 1430 347 directo
1457 304 1591 347 facere
1621 316 1700 346 non
1728 302 1913 345 audebat.
1968 302 2166 350 Quocirca
2192 302 2419 344 iubentibus

260 378 491 423 mutibus
516 378 744 421 exereitum
766 375 861 421 'urbi
883 379 1081 421 admonet
1102 382 1225 435 atque
1252 393 1342 421 cum
1365 381 1494 424 Cinna
1518 381 1714 439 proelium
1742 380 1924 422 conserit.
1980 380 2099 428 Quod
2129 393 2219 421 cum
2237 380 2417 422 Velleius

261 456 585 500 cruenfioeimm
618 457 744 500 fiisse
780 446 997 500 adseueret
1033 458 1085 511 (2.
1114 459 1188 509 21,
1215 459 1283 511 a),
1319 471 1393 501 nec
1428 461 1480 503 ab
1516 459 1629 502 Liuio
1664 471 1738 501 neo
1774 460 1825 501 ab
1853 458 2037 514 Appiano
2072 464 2414 500 commemoratur.

261 535 397 590 Atque
431 545 530 576 uere
557 533 738 591 Pompei,
777 535 936 590 qualem
973 546 1018 576 se
1051 547 1181 590 usque
1213 536 1265 578 ad
1292 536 1404 578 illum
1432 538 1540 578 diem
1576 538 1725 591 gessit,
1755 550 1833 578 non
1863 543 1968 588 erat,
2006 538 2122 591 graui
2148 533 2298 593 proelio
2326 549 2416 577 cum

262 611 456 655 Oinnsnis
488 612 714 665 confligere.
770 612 990 655 Praeterea
1024 616 1237 668 postquam
1261 613 1473 669 Pompeius
1509 614 1693 664 aduenit,
1736 614 1926 655 Metellus
1955 615 2189 665 arcessitur,
2225 618 2270 655 ut
2295 615 2417 655 etiam

261 692 357 731 tunc
371 690 484 732 inum
497 683 662 732 dubium
676 703 727 731 se
739 689 990 745 praestitisse
1004 689 1209 745 adpareat.
1240 690 1382 744 Itaque
1398 691 1603 746 probabile
1621 696 1695 741 est,
1713 690 1923 742 Velleium,
1940 692 2063 745 (1111111
2078 692 2252 734 fontibus
2269 691 2418 732 inueni-

261 770 337 817 ret,
365 765 597 821 Pompeium
624 767 680 808 ad
705 769 864 821 portam
889 766 1084 808 Collinam
1113 767 1332 808 accessisse
1357 768 1629 821 (Drumannns
1656 769 1693 817 2,
1719 768 1838 819 584),
1866 769 1938 809 hoc
1967 768 2159 822 proelium
2188 768 2416 809 confudisse

262 857 353 884 cum
389 858 457 894 eo,
496 859 574 897 quo
610 845 723 886 Sulla
760 844 931 885 triennio
967 847 1059 899 post
1082 845 1307 887 Carbonem
1344 847 1395 886 ad
1430 850 1588 900 portam
1615 846 1809 887 Collinam
1844 852 2064 899 superaret.
2104 845 2169 897 (V.
2200 847 2236 886 2.
2268 847 2332 895 71,
2365 848 2416 897 1.)

261 921 359 962 Post
394 923 469 962 hoe
494 922 688 976 proelium
716 922 949 976 Pompeium
976 936 1026 963 ea
1052 927 1185 976 peste,
1227 937 1306 975 qua
1333 925 1539 964 exercitus
1570 923 1860 963 dilaceraretur
1887 924 2142 977 absumptmn
2167 937 2274 971 esse,
2322 922 2415 963 Vel-

261 999 363 1040 leius
399 1000 525 1042 oefert
552 1001 604 1052 (2.
633 1000 698 1049 23,
726 1001 792 1051 4.).
859 999 942 1040 Sed
977 999 1084 1041 inter
1109 999 1208 1040 illud
1237 1001 1430 1054 proelium
1456 1004 1705 1053 mortemque
1733 999 1896 1054 Pompei
1922 1000 2079 1052 longius
2108 1000 2298 1054 temporis
2326 1013 2414 1054 spa-

259 1075 361 1116 tium
393 1077 670 1125 intercessisse
704 1080 859 1116 certum
895 1080 968 1116 est.
1015 1077 1286 1129 (Drumannus
1314 1078 1352 1116 d.
1381 1079 1458 1118 584
1473 1079 1538 1128 ⁸⁸)
1592 1077 1783 1116 Attamen
1827 1090 1964 1116 omnes
1992 1077 2264 1125 consentiunt,
2300 1076 2416 1116 Pom-

260 1154 394 1208 peium
419 1167 499 1194 non
521 1157 637 1208 peste
659 1155 927 1209 absumptum,
955 1154 1028 1194 sed
1058 1154 1219 1207 fulgure
1242 1168 1477 1209 percussum
1507 1167 1609 1194 esse.
1636 1154 1753 1208 (App.
1785 1156 1815 1194 1.
1845 1154 1909 1203 68,
1924 1155 1985 1195 80.
2017 1154 2119 1193 Plut.
2148 1154 2285 1208 Pomp,
2313 1157 2345 1203 1,
2376 1155 2413 1193 2.

261 1230 518 1271 Drumannus
546 1232 623 1271 584
638 1233 697 1271 ³⁸.
728 1231 926 1286 Sauppius
954 1232 1056 1283 151.)
1097 1231 1252 1272 Tritum
1283 1238 1417 1272 autem
1454 1236 1537 1281 est,
1581 1232 1691 1271 illam
1721 1232 1773 1270 de
1803 1232 1963 1284 fulgure
1991 1232 2330 1271 narratiunculam
2357 1235 2415 1271 to·

261 1308 365 1347 tiens
392 1308 531 1362 repeti,
558 1308 740 1361 quotiens
768 1308 977 1362 repentina
1003 1309 1202 1361 quaedam
1228 1322 1335 1347 mors
1364 1308 1624 1360 significatur.
1676 1309 1798 1360 Atqui
1828 1322 1918 1347 cum
1948 1310 2027 1348 iam
2053 1316 2171 1348 antea
2200 1308 2243 1347 L
2265 1308 2414 1347 Teren-

260 1385 340 1424 tius
369 1388 580 1439 corruptus
607 1388 729 1434 esset,
755 1389 802 1424 ut
826 1385 1037 1439 Pompeios
1066 1386 1310 1424 interficeret
1346 1385 1464 1436 (Plut.
1495 1385 1533 1424 d.
1555 1386 1594 1434 3,
1627 1387 1689 1436 1.),
1718 1386 1829 1424 cuius
1857 1387 2058 1439 proposita
2087 1386 2138 1425 ad
2166 1386 2321 1424 irritum
2350 1398 2412 1424 ce-

262 1460 465 1510 ciderunt,
511 1461 696 1514 equidem
732 1461 788 1514 (id
824 1462 930 1514 quod
967 1473 1017 1500 ne
1052 1460 1338 1500 Mommsenius
1375 1461 1429 1515 [2,
1457 1460 1569 1514 308]
1606 1461 1766 1514 quidem
1806 1463 1981 1500 abnuere
2018 1463 2193 1511 uidetur)
2226 1475 2304 1500 non
2339 1462 2414 1500 ful-

260 1550 383 1592 gure,
420 1539 491 1577 sed
519 1540 570 1577 ab
600 1538 848 1592 optimatium
873 1538 1027 1577 sicariis
1055 1550 1147 1576 eum
1171 1538 1453 1591 interemptum
1481 1550 1573 1575 esse
1602 1542 1781 1576 statuere
1811 1552 1887 1577 non
1917 1540 2063 1578 dubito.

395 1615 511 1663 Quae
547 1619 716 1655 mortem
744 1614 908 1669 Pompei
943 1616 1124 1654 insecuta
1153 1616 1205 1654 sit
1233 1615 1404 1664 laetitia,
1434 1627 1538 1667 quae
1566 1628 1657 1653 cum
1683 1615 1810 1655 Cinna
1837 1616 2044 1668 Marioque
2073 1617 2222 1654 fuerint
2253 1617 2414 1655 interlo-

260 1693 451 1741 cutiones,
481 1705 607 1745 usque
631 1693 727 1730 dum
756 1695 926 1744 uterque
940 1695 1004 1742 22)
1034 1694 1174 1731 urbem
1204 1693 1384 1740 intraret,
1414 1693 1559 1731 leuiter
1584 1695 1733 1731 tractat
1764 1693 1965 1740 Velleius,
1994 1694 2066 1731 sed
2094 1694 2132 1731 in
2161 1694 2412 1745 proscriptio-

258 1771 375 1810 nibus
403 1770 676 1809 describendis
706 1783 783 1808 non
811 1772 896 1808 sine
920 1770 1068 1821 gaudio
1094 1770 1266 1821 quodam
1289 1772 1563 1808 commoratur.

1284 1973 1357 2015 XI.

392 2086 496 2126 Dum
519 2085 672 2126 Romae
703 2085 918 2125 seditiones
949 2098 1038 2125 sese
1066 2086 1283 2140 excipiunt,
1311 2085 1518 2125 imminens
1548 2087 1599 2126 ab
1627 2075 1791 2126 Oriente
1819 2086 1969 2126 bellum
1999 2086 2312 2125 Mithraditicum
2342 2087 2412 2125 uix

256 2163 475 2218 repellitur.
536 2162 804 2203 Mithradates
829 2166 985 2212 autem,
1028 2176 1146 2216 quem
1176 2162 1357 2202 Velleius
1384 2163 1439 2202 ita
1469 2163 1653 2218 depingit
1692 2164 1741 2216 (2.
1777 2164 1846 2213 18,
1880 2165 1939 2213 1.),
1970 2170 2013 2202 111
2040 2164 2170 2215 magis
2198 2165 2411 2203 uerborum

255 2240 591 2294 magnificentiam
618 2239 731 2293 sequi
757 2239 954 2289 uideatur,
985 2253 1105 2293 quam
1133 2240 1444 2293 congruentiam,
1471 2240 1510 2280 in
1540 2241 1773 2281 uniuersum
1802 2241 1857 2280 nil
1887 2240 1972 2287 fuit,
2001 2240 2077 2280 nisi
2105 2240 2274 2294 despota
2299 2241 2413 2282 Asia-

255 2319 379 2368 ticus,
407 2318 473 2371 qui
502 2303 666 2373 propter
693 2317 907 2357 immanem
938 2318 1053 2370 regni
1081 2317 1273 2358 ambitum
1300 2317 1485 2358 immania
1518 2322 1560 2358 et
1596 2322 1827 2373 portentosa
1856 2312 1945 2357 cum
1973 2317 2145 2370 quadam
2174 2318 2413 2370 magnitudi-

256 2396 318 2436 nis
344 2396 479 2450 specie
507 2398 763 2450 perpetraret
790 2395 1091 2448 (Mommsenius
1111 2396 1149 2444 2,
1178 2396 1297 2447 264).
1339 2395 1441 2435 Nam
1469 2396 1576 2447 quod
1605 2396 1753 2435 uirtute
1780 2394 1971 2434 eximium
1999 2394 2285 2435 Mithradatem
2317 2395 2412 2434 Vel-

256 2474 358 2512 leius
395 2473 519 2512 fuisse
548 2473 664 2520 dicit,
702 2473 743 2512 id
770 2486 849 2525 quo
874 2473 1074 2526 pertineat
1099 2486 1178 2512 non
1208 2472 1387 2526 adparet.
1446 2472 1596 2513 Contra
1622 2472 1662 2512 id
1691 2486 1780 2512 cum
1810 2453 2041 2512 Drumanno
2070 2473 2121 2523 (2,
2138 2474 2246 2521 440.)
2275 2478 2412 2513 contra

253 2543 558 2591 Mommsenium
587 2550 806 2589 tenendum
833 2554 908 2600 est,
934 2550 1138 2600 „consiliis
1163 2551 1307 2590 ducem
1317 2555 1340 2574 “
1370 2563 1464 2589 uere
1491 2550 1779 2590 Mithradatem
1806 2550 1940 2589 fuisse.
1993 2549 2196 2602 Quidquid
2222 2550 2327 2589 enim
2356 2549 2412 2589 di-

255 2627 361 2667 citur
387 2629 538 2676 contra,
566 2626 798 2666 uniuersum
822 2626 923 2666 illud
950 2627 1124 2666 foederis
1153 2640 1244 2667 oum
1270 2627 1420 2667 Italicis
1449 2627 1613 2666 ineundi
1640 2627 1845 2666 consilium
1859 2628 1924 2677 ²³)
1952 2636 2034 2666 non
2058 2627 2233 2679 uolgatis
2259 2633 2322 2666 est
2346 2627 2411 2666 ho-

254 2705 391 2753 minis3
429 2708 550 2759 atque
582 2718 652 2755 ea,
686 2718 765 2758 qua
801 2704 950 2745 bellum
990 2718 1016 2746 a
1038 2703 1233 2745 Romanis
1252 2704 1419 2752 ,finitum
1447 2704 1595 2746 totiens
1623 2704 1948 2757 redintegrabat,
1984 2704 2175 2759 despotae
2207 2703 2409 2745 orientalis

253 2781 357 2822 fines
388 2783 554 2823 excedit
590 2781 824 2823 constantia.
874 2782 962 2823 Iam
995 2795 1098 2835 quae
1132 2782 1184 2822 de
1221 2782 1338 2823 bellis
1366 2783 1503 2822 contra
1542 2795 1636 2822 eum
1674 2782 1817 2835 gestis,
1850 2782 1901 2821 de
1938 2782 2050 2823 Sulla
2079 2781 2241 2822 Valerio
2265 2781 2409 2823 Flacco

253 2859 433 2899 Fimbria
457 2859 641 2899 Velleius
665 2859 840 2909 disserit,
869 2860 965 2900 trita
989 2864 1084 2900 sunt
1110 2872 1240 2912 neque
1278 2873 1303 2901 a
1329 2859 1559 2910 uolgan'bus
1588 2859 1729 2900 aliena.
1785 2859 1993 2899 Reuersus
2021 2863 2155 2900 autem
2183 2858 2224 2899 in
2248 2858 2407 2900 Italiam

206 2962 208 2964 -
255 2935 370 2978 Sulla
386 2924 537 2977 bellmiu
552 2935 814 2978 Carbonianis
827 2935 959 2976 infert.
1004 2935 1108 2977 Nam
1124 2935 1252 2977 Cinna
1267 2935 1346 2976 iam
1361 2939 1453 2975 ante
1470 2934 1609 2976 Sullae
1627 2935 1844 2975 aduentum
1860 2935 2094 2974 interfectus
2115 2939 2213 2974 erat.
2265 2934 2408 2975 Totum

254 3026 354 3055 uero
386 3014 461 3053 hoc
496 3013 647 3053 bellum
681 3013 803 3054 ualde
837 3014 1066 3063 mutilatur,
1104 3017 1150 3053 ut
1186 3014 1296 3053 nulla
1326 3013 1450 3067 possit
1476 3013 1563 3052 eius
1592 3014 1697 3053 iusta
1725 3013 1858 3065 imago
1881 3013 2094 3052 informari.
2153 3012 2408 3065 Quanquam,

391 3138 448 3181 ²²)
480 3136 634 3171 Velleius
663 3140 778 3171 utrum
809 3138 898 3172 serio
928 3149 1061 3172 neeesse
1087 3138 1191 3172 fuisse
1219 3138 1407 3182 putauerit,
1446 3141 1485 3171 ut
1510 3138 1619 3171 Cinna
1644 3138 1683 3169 de
1712 3137 1902 3180 recipiendo
1932 3137 2041 3170 Mario
2069 3136 2178 3178 legem
2205 3138 2329 3178 ferret,
2366 3149 2409 3171 an

252 3197 398 3233 ironiam
417 3195 506 3231 Mari
526 3196 747 3241 perspexerit,
772 3207 813 3230 ex
831 3196 946 3232 uerbis
971 3197 1056 3242 eius,
1082 3200 1115 3232 2.
1141 3199 1199 3242 22,
1224 3198 1269 3240 6.,
1293 3208 1359 3231 non
1383 3195 1640 3230 adflrmnnerim.

389 3256 447 3298 υ)
472 3254 615 3290 Diodori·
637 3256 695 3298 ³7,
724 3257 768 3289 10
789 3266 825 3301 p.
851 3257 919 3291 2⁸9
942 3256 1165 3301 (Schweigh.)
1215 3256 1412 3300 Quanquam
1437 3255 1682 3298 wesselingius
1712 3255 1753 3289 ad
1779 3256 1812 3288 h.
1837 3256 1861 3291 L
1882 3267 1914 3300 p.
1945 3257 2026 3290 389.
2062 3256 2103 3290 de
2140 3257 2210 3290 illis
2247 3259 2410 3302 consiliis,

252 3318 293 3350 ut
314 3325 399 3360 quae
427 3314 509 3349 alibi
533 3324 600 3348 non
622 3314 843 3359 reperiantur,
865 3314 1022 3351 dubitare
1048 3315 1194 3350 uidetur.
1479 3310 1483 3314 ”
