2709 3576
273 120 288 145 .
722 103 731 114 ’
1305 76 1381 134 >18

266 187 1222 244 mmmmm
1256 188 2189 246 ιιι-,ωιωοιιιιαίιιιιιω-ἰιιιιίοιοιφηοιᾱῆωο
2226 191 2430 237 collaudat

264 263 476 322 m>
488 262 801 320 Μρῳιιιιι
808 264 984 311 min
999 265 1620 321 mnne-neminisse
1643 267 1734 313 nio
1748 268 1874 312 tradit
1898 268 2038 321 (61.2
2169 269 2255 313 πᾶν
2283 269 2327 312 δὲ
2355 286 2425 314 ιο

264 347 589 404 mm
610 341 946 398 W
965 360 1127 406 wma-
1132 340 1355 414 'mulge
1376 342 1600 395 nullove
1621 345 1697 398 μὲν
1721 348 1961 399 zeniam}
1963 350 2181 399 ζημίωσεν,
2206 346 2428 397 nullove

265 417 643 471 &gutdo-‘suun
668 423 740 466 nul
766 436 926 467 stt-no
949 422 1021 469 aaz
1038 422 1249 474 --δοιίσιω
1274 421 1348 466 eft·
1366 421 1677 472 nrum-musa
1705 421 1858 476 4850q.
1886 421 2229 473 Hoeckius301.).
2268 422 2424 466 Deinde

265 495 583 552 Yon-{siff
611 491 1502 544 fflmwmfflmhlmffloe
1539 498 1715 552 dioitffi.
1741 501 1810 551 3..)
1875 499 2132 543 Extzemosi
2162 501 2423 541 ueremultis

266 571 531 619 Quinam
548 573 753 640 pepon-nit
774 586 858 619 non
889 577 987 620 tam·
1008 587 1065 618 ex
1095 574 1182 621 miti
1206 574 1445 623 eiusanimo
1470 575 1513 620 id
1537 576 1803 631 repetendum
1827 589 1921 619 esse
1948 589 2114 627 censeo,
2143 590 2263 630 quam
2297 591 2423 621 exea

215 690 221 695 .
267 663 347 706 qua
370 662 533 707 semper
554 650 596 691 in
618 650 826 706 republica
851 651 1116 704 gubernanda
1140 664 1239 693 usus
1262 654 1329 692 est
1353 654 1618 708 temperantia
1632 655 1706 704 ⁵³).

290 757 292 759 »
403 728 647 783 Quanquam
665 728 792 783 igitur
816 741 997 774 summus
1018 727 1231 770 Octauiani
1252 730 1437 772 aemulus
1446 730 1646 780 ..deuictus
1671 734 1781 780 erat,
1805 736 1942 773 tamen
1968 745 2171 785 nunquam
2198 746 2272 787 per
2297 736 2424 774 totam

266 806 356 850 eius
384 806 512 850 uitam
536 806 737 859 deerant,
762 806 830 861 qui
855 805 944 847 siue
972 805 1182 854 Octauiani
1205 806 1294 849 odio
1318 806 1470 849 incensi
1495 807 1573 863 ipsi
1605 820 1697 849 eum
1725 820 1844 862 quem
1874 808 2074 850 obtineret
2099 810 2230 852 locum
2256 811 2424 864 adsequi

265 889 528 933 conarentur,
567 884 667 929 siue·
693 884 898 937 autiqiiam
932 884 1175 938 reipublicae
1214 885 1382 927 formam
1421 885 1635 929 restituere
1671 886 1935 928 elaborarent.
2001 887 2184 934 Quorum
2216 889 2423 931 conamina

265 961 373 1015 quod
406 961 463 1002 ita
497 961 697 1016 oppressit
723 960 990 1011 Octauianus,
1016 964 1063 1003 ut
1096 961 1319 1004 maiestatis
1344 975 1434 1003 reos
1448 964 1514 1009 ⁵⁶)
1542 961 1713 1003 interfici
1739 976 1808 1004 eos
1839 963 2016 1005 iuberet:
2050 978 2129 1005 non
2160 968 2244 1014 est,
2273 978 2346 1006 cur
2370 965 2421 1015 ei,

265 1038 334 1093 qui
353 1039 632 1081 sacrosanctus
658 1052 685 1080 a
711 1042 856 1080 senatu
883 1038 1083 1080 iudicatus
1112 1040 1234 1088 esset,
1264 1039 1331 1079 uel
1356 1039 1453 1080 iuris
1482 1039 1637 1083 ratione
1664 1040 1799 1081 habita
1827 1041 1894 1081 uel
1917 1041 2143 1094 aequitatis,
2173 1042 2269 1083 uitio
2288 1048 2421 1084 uerta-

264 1098 356 1158 mus
385 1115 605 1171 (Sauppius
634 1115 761 1169 163),
800 1118 871 1157 aut
899 1129 972 1156 cur
1008 1116 1165 1156 Velleio
1192 1117 1503 1170 exprobremus,
1532 1117 1601 1169 qui
1628 1118 1798 1159 eandem
1825 1118 2046 1171 opinionem
2068 1124 2231 1161 secutus
2258 1120 2421 1162 uidetur

265 1194 321 1248 (2
350 1194 416 1244 91,
438 1194 506 1248 2.).
559 1194 694 1249 Atque
720 1194 763 1236 in
790 1194 860 1235 illo
885 1206 1053 1235 numero
1077 1196 1146 1236 lest
1171 1193 1361 1248 Lepidus,
1388 1194 1455 1248 qui
1483 1208 1509 1235 a
1530 1194 1769 1236 Maecenate
1796 1195 1916 1237 tacite
1942 1196 1993 1237 dc
2022 1197 2153 1238 medio
2175 1198 2417 1249 tollitur-⁵²).

262 1270 418 1314 Eodem
454 1271 573 1313 modo
600 1259 773 1313 Murena
798 1271 869 1326 (de
896 1284 975 1325 quo
1002 1283 1100 1312 sane
1125 1271 1200 1312 Dio
1225 1272 1290 1321 54,
1316 1273 1352 1313 3.
1390 1272 1566 1321 dubitat,
1609 1286 1657 1313 ac
1695 1285 1746 1312 ne
1777 1272 1958 1313 Velleius
1984 1274 2146 1327 quidem
2172 1275 2212 1315 id
2241 1277 2417 1317 abnuere

262 1348 444 1397 uidetur5
472 1349 542 1389 cfr.
571 1349 785 1389 Reimarus
806 1349 859 1390 ad
885 1349 997 1389 Dion.
1026 1350 1064 1398 6,
1098 1349 1239 1396 992³.)
1268 1353 1310 1388 et
1336 1348 1484 1403 Caepio
1511 1354 1555 1390 et
1567 1349 1766 1402 Egnatius
1783 1349 1915 1390 Rufus
1929 1352 1995 1401 ⁵⁸)
2024 1356 2066 1392 et
2094 1352 2207 1392 Iulus
2223 1354 2419 1394 Antonius

186 1448 191 1453 ·
264 1425 507 1475 (Loebellius
534 1426 653 1476 235.).

1245 1573 1405 1614 xxm.

398 1683 470 1734 Ea,
497 1696 600 1738 quae
618 1683 829 1725 Octauiani
852 1683 1024 1725 familiae
1051 1682 1293 1734 acciderunt,
1321 1683 1466 1737 quique
1493 1683 1597 1723 uarii
1622 1695 1876 1724 successores
1900 1686 1950 1725 ab
1976 1684 2196 1725 Octauiano
2220 1685 2420 1738 designati

262 1765 376 1812 sunt,
420 1774 547 1815 usque
581 1762 678 1801 dum
713 1761 754 1801 in
788 1760 945 1801 Tiberio
984 1774 1153 1814 regnum
1191 1761 1370 1801 futurum
1397 1760 1619 1801 stabilitum
1647 1764 1731 1810 est,
1759 1761 1886 1801 fusius
1913 1775 1938 1802 a
1969 1761 2126 1802 Velleio
2154 1762 2418 1816 explicantur.

262 1865 467 1900 Octauianus
502 1865 657 1899 omnibus
693 1865 846 1910 partibus
881 1864 1038 1900 adfuerit.
1090 1853 1289 1908 Quanquam
1323 1864 1411 1897 enim
1446 1864 1565 1898 dextro
1598 1875 1675 1897 eum
1711 1874 1814 1897 cornu
1847 1863 2032 1908 praefuisse
2055 1863 2259 1898 Plutarchus
2293 1869 2418 1908 narrat,

261 1929 374 1959 tamen
399 1925 500 1959 facile
522 1924 559 1958 id
584 1924 782 1970 explicatur.
831 1926 920 1959 Nam
945 1935 986 1958 eo
1010 1924 1086 1969 ipso
1111 1928 1273 1969 tempore,
1299 1922 1357 1957 ubi
1379 1923 1496 1958 Sosius
1523 1933 1599 1957 oum
1625 1922 1827 1957 Antonianis
1849 1933 2045 1968 progressus
2069 1928 2135 1966 est,
2170 1923 2206 1956 in
2230 1923 2293 1957 illo
2316 1933 2419 1958 cornu

261 1984 482 2028 adgrediendi
506 1984 641 2027 signum
665 1983 770 2020 dedit.
820 1984 952 2018 Deinde
973 1984 1010 2017 in
1039 1983 1155 2018 Coelio
1179 1983 1251 2017 sine
1279 1982 1381 2016 dubio
1394 1982 1598 2016 Plutarchus
1622 1986 1722 2025 errat,
1748 1993 1847 2026 quem
1869 1993 1931 2026 pro
1955 1982 2052 2016 Sosio
2077 1981 2222 2016 intrudit
2243 1983 2318 2026 (cfr.
2342 1983 2420 2017 Bei-

260 2054 373 2078 marus
396 2041 441 2076 ad
465 2042 566 2077 Dion.
591 2042 648 2084 50,
674 2043 732 2077 31.
756 2043 791 2086 (6
814 2053 847 2087 p.
862 2041 1050 2084 630159).
1097 2040 1164 2075 Sed
1190 2040 1326 2075 laeuum
1351 2050 1453 2074 cornu
1476 2050 1552 2074 cum
1581 2034 1766 2074 Plutarcho
1790 2042 2005 2075 Drumannus
2028 2043 2095 2074 481
2113 2043 2218 2076 n.24.
2244 2042 2417 2088 Agrippae

260 2100 427 2145 adsignat,
453 2100 554 2146 idque
578 2100 637 2144 eis,
663 2111 747 2144 quae
774 2099 916 2135 durante
940 2110 1055 2145 pugna
1078 2099 1168 2133 facta
1191 2098 1271 2141 sint,
1298 2098 1432 2133 defendi
1454 2103 1563 2144 putat.
1613 2100 1764 2138 Quorum
1789 2110 1851 2142 ego
1876 2100 1924 2132 nil
1948 2099 2074 2133 inueni.
2125 2101 2250 2133 Contra
2265 2101 2419 2134 Velleius

260 2159 444 2205 Agrippae,
469 2158 506 2192 id
530 2158 620 2203 qnod
642 2159 715 2193 ueri
740 2158 952 2192 simillimum
980 2157 1127 2202 uidetur,
1151 2168 1249 2191 omne
1276 2157 1465 2191 certaminis
1490 2157 1622 2191 classici
1646 2158 1823 2191 arbitrium
1847 2159 2057 2191 commissum
2071 2170 2142 2192 esse
2159 2159 2250 2192 dicit.
2301 2160 2419 2203 Itaque

258 2222 438 2262 utrumque
470 2218 520 2250 ita
543 2228 721 2262 possumus
753 2218 952 2259 conciliare,
986 2221 1026 2251 ut
1059 2218 1161 2250 sicuti
1184 2217 1405 2250 Octauianum
1437 2216 1552 2258 Liuio,
1586 2217 1635 2250 ita
1660 2216 1844 2260 Agrippam
1870 2217 2013 2250 Aruutio
2045 2218 2242 2261 plerumque
2269 2218 2418 2253 adfuisse

260 2276 474 2313 arbitremur.

396 2335 452 2380 ⁵⁵)
480 2336 532 2370 De
556 2336 651 2370 Cassi
674 2336 868 2369 Parmensis
900 2339 1008 2369 morte
1033 2337 1116 2370 satis
1138 2335 1264 2369 dictum
1289 2346 1359 2368 esse
1387 2344 1504 2368 censeo
1526 2345 1547 2368 a
1575 2334 1768 2368 Drumanno
1795 2335 1828 2371 3.
1851 2335 1986 2368 7322‘1.
2035 2334 2073 2368 Si
2101 2335 2191 2368 enim
2215 2346 2331 2370 uerum
2355 2339 2416 2379 est,

259 2395 349 2438 quod
373 2394 478 2428 tradit
498 2385 614 2430 Valet.
642 2396 736 2429 Max.
761 2398 790 2428 1.
817 2397 850 2428 7.
880 2398 932 2437 7.,
961 2395 1114 2430 Cassium
1138 2398 1217 2439 post
1235 2405 1381 2439 pugnam
1406 2393 1581 2428 Actiacam
1606 2393 1755 2427 Athenas
1781 2392 1970 2438 perfugisse
2003 2392 2116 2439 ibique
2143 2394 2269 2440 perisse
2297 2396 2416 2439 (neque

259 2457 322 2497 est,
347 2460 406 2487 our
428 2452 464 2486 id
490 2452 755 2496 addubitemus),
778 2456 857 2487 ante
871 2453 1065 2488 Turullium
1090 2452 1244 2495 moritur,
1269 2451 1327 2496 qui
1351 2454 1468 2496 postea
1483 2453 1527 2486 ab
1543 2452 1692 2486 Antonio
1711 2452 1895 2486 Octauiano
1910 2452 2056 2486 traditur
2072 2453 2154 2496 (Dio
2171 2457 2227 2495 51,
2254 2454 2309 2498 8..)
2349 2455 2417 2487 Its-

259 2523 324 2558 que
348 2522 415 2546 non
440 2511 523 2547 satis
543 2514 632 2547 recte
660 2511 815 2547 Velleius
841 2513 899 2555 88,
926 2515 941 2546 1
968 2512 1010 2547 R.
1037 2521 1115 2546 eum
1139 2512 1298 2546 ultimum
1321 2511 1446 2555 perisse
1472 2513 1721 2545 coniuratorum
1749 2510 1842 2543 dicit.

404 2570 460 2616 5θ)
485 2573 531 2605 At
562 2569 650 2615 quod
674 2570 906 2605 Saluidienum
929 2570 1056 2604 Rufum
1079 2570 1248 2615 Sauppius
1276 2572 1353 2604 163.
1376 2568 1582 2614 perduellem
1614 2569 1779 2613 adpellari
1804 2568 1907 2611 dicit,
1942 2574 2043 2605 errat.
2095 2570 2165 2603 Nec
2193 2575 2303 2604 tamen
2330 2570 2415 2605 alias

259 2635 404 2674 tantum,
430 2635 532 2676 atque
547 2631 682 2672 Caesar,
706 2634 819 2675 partes
843 2630 952 2664 Rufus
976 2633 1108 2670 secutus
1133 2633 1195 2671 est,
1220 2630 1256 2664 id
1278 2629 1367 2674 quod
1391 2640 1470 2663 sane
1495 2629 1693 2663 sceleratum
1723 2627 1899 2661 consilium
1923 2639 1983 2673 per
2003 2640 2037 2662 se
2062 2640 2127 2662 non
2153 2629 2272 2663 fuisset
2297 2631 2342 2671 (2.
2358 2631 2414 2673 76,

256 2690 318 2736 4.),
341 2690 403 2727 sed
426 2690 603 2725 Octauiani
625 2689 847 2724 interficiendi
870 2689 1011 2723 consilia
1033 2689 1168 2727 inierat.
1194 2689 1261 2723 Dio
1286 2691 1344 2732 48,
1370 2690 1425 2723 33.
1451 2690 1539 2733 App.
1564 2690 1598 2730 5,
1623 2690 1679 2723 66.

406 2749 461 2794 ⁵⁷)
486 2749 541 2783 Ita
563 2747 719 2792 equidem
743 2748 854 2783 Vellei
877 2748 981 2783 uerba
1004 2748 1166 2792 intellego
1188 2750 1243 2792 88,
1273 2751 1302 2780 1.
1351 2748 1475 2781 contra
1498 2748 1671 2782 Hoeekius
1696 2750 1763 2782 312
1776 2749 1791 2772 ²
1820 2747 2038 2781 difficultates
2063 2758 2324 2790 superuacaneas
2349 2749 2415 2784 sibi

257 2809 330 2854 ipse
359 2820 478 2854 parare
507 2798 653 2843 uidetur'.
709 2809 798 2842 Nam
831 2812 870 2843 ut
897 2809 1072 2843 Maecenas
1095 2807 1330 2851 magistratum
1354 2806 1526 2852 publicum
1551 2818 1618 2840 non
1645 2808 1803 2849 gesserit,
1843 2817 1884 2839 ne
1918 2817 2058 2849 poenam
2087 2804 2219 2850 quidem
2245 2806 2414 2851 publicam

255 2866 296 2900 de
311 2866 443 2911 Lepido
465 2877 597 2900 sumere
613 2870 734 2910 ponet.
766 2868 878 2909 Atque
893 2865 1068 2910 Appianus
1093 2867 1139 2908 (4,
1157 2867 1225 2906 50.)
1252 2870 1375 2906 narrat,
1400 2869 1594 2899 accusatum
1609 2877 1681 2899 esse
1695 2865 1863 2910 Lepidum
1878 2861 2063 2908 (ἐδίωκεν),
2087 2864 2206 2899 deinde
2220 2866 2356 2900 Actium
2370 2867 2412 2900 ad

255 2925 476 2960 Octauianum
511 2937 583 2960 esse
617 2926 771 2961 missum.
820 2925 920 2965 Quod
952 2924 1045 2960 omni
1080 2923 1179 2958 modo
1206 2935 1399 2969 pei-uersum
1424 2927 1485 2958 est.
1499 2959 1507 2965 ‚
1547 2924 1585 2959 Si
1609 2935 1687 2959 uere
1711 2928 1898 2958 accusasset
1922 2924 2095 2958 Maecenas
2119 2923 2289 2968 Lepidum
2312 2931 2413 2970 atque

254 2982 436 3017 secundum
459 2983 552 3026 leges
569 2987 652 3016 'oum
680 2992 719 3015 eo
745 2982 882 3025 egisset,
905 2993 927 3016 a
952 2982 1207 3025 magistratibus
1231 2982 1287 3014 hic
1311 2981 1378 3014 suit
1395 2982 1585 3024 puniendus
1610 2994 1716 3027 neque
1727 2987 1788 3016 aut
1801 2983 1985 3015 accusatori
2008 2987 2068 3016 aut
2086 2983 2128 3023 ei,
2146 2984 2241 3016 cuius
2254 2984 2347 3018 uitae
2362 2986 2412 3018 in·

254 3042 397 3076 sidiatus
431 3045 521 3084 erat,
561 3041 755 3078 tradendus.
805 3041 950 3076 Omnino
975 3045 1110 3084 autem,
1148 3041 1264 3085 quales
1291 3044 1369 3074 tunc
1392 3051 1445 3074 res
1474 3045 1590 3085 erant,
1627 3042 1736 3076 multo
1759 3041 1866 3084 magis
1890 3039 2024 3075 uidetur
2048 3051 2118 3090 esse
2143 3046 2412 3086 consentaneum,

254 3102 342 3138 clam
366 3102 597 3137 Maecenatem
621 3104 728 3136 morte
754 3099 920 3137 adsensu
944 3100 1133 3146 Lepidum,
1175 3111 1274 3144 quam
1298 3101 1333 3133 in
1358 3100 1553 3143 Caesarem,
1587 3101 1646 3144 qui
1670 3100 1819 3134 nondum
1835 3099 1927 3144 apud
1951 3099 2086 3133 Actium
2112 3100 2258 3143 uicerat,
2298 3101 2413 3136 odium

252 3161 462 3196 accusatione
486 3160 717 3196 commouisse.

391 3221 445 3259 ⁵⁸)
467 3219 577 3255 Rufus
604 3208 748 3260 manime
773 3229 795 3252 a
808 3218 926 3255 Sentio
941 3219 1123 3255 Saturnino
1139 3230 1315 3264 oppressus
1331 3222 1391 3253 est.
1430 3218 1534 3254 Cuius
1556 3216 1597 3252 de
1610 3217 1785 3250 consulatu
1801 3219 1860 3250 cfr.
1877 3216 2075 3250 Loebellius
2096 3219 2176 3252 232.
2219 3219 2287 3252 Cur
2301 3223 2413 3252 autem

250 3279 308 3315 hic
332 3278 487 3315 laudetur
510 3288 531 3314 a
554 3277 686 3314 Velleio
711 3278 759 3323 (2.
785 3279 842 3320 92,
868 3279 928 3322 2.),
955 3280 1045 3323 quod
1073 3278 1230 3324 pecunias
1253 3277 1403 3323 publicas
1429 3276 1465 3310 in
1492 3279 1657 3311 aerarium
1687 3275 1837 3318 regessit,
1862 3286 1931 3310 non
1956 3277 2132 3319 intellego.

2081 3334 2142 3375 6*
