2709 3576
1347 60 1378 111 T

284 175 881 240 mmo,
894 175 1076 231 ‘Q
1124 174 1420 217 Nihilominus
1455 188 1481 217 a
1517 175 1878 217 bonisdesciuisse
1908 175 2056 215 dicitur
2087 179 2130 216 et
2165 175 2439 229 indignatione

286 252 1966 314 mqusalegmmrmmfimesremdoeadduemmesse.
2029 251 2439 298 Quaexrecemi-

287 333 606 387 tantvm
631 340 739 374 m·
750 329 914 385 mh
939 328 1141 372 m
1153 322 1432 382 describeret,
1452 329 1615 386 saepius
1640 341 1690 371 ea
1717 342 1795 371 non
1820 333 1903 371 tam
1933 329 2142 384 epithetis,
2169 341 2271 383 quae
2301 330 2439 371 dicun·

287 416 377 465 tur,
406 407 560 455 saw
579 406 836 460 mo,
849 416 971 463 qun
991 407 1202 463 {egem
1231 408 1445 451 uerborum
1470 406 1576 450 mole
1601 405 1782 448 obrm'sse
1815 405 2030 462 (Sauppius
2065 407 2165 459 160).

349 510 369 518 ··
412 498 550 541 smol
582 495 740 547 aum,
772 496 813 537 id
850 495 957 551 quod
991 495 1121 538 aulica
1150 496 1237 537 uita
1269 509 1428 551 semper
1457 495 1594 536 excoli
1630 498 1804 543 constat,
1847 495 2097 548 argutiarum
2132 501 2195 534 est
2234 495 2438 534 studiosis-

288 579 424 619 simus.
471 575 632 623 Quibus
661 571 850 629 quamuis
870 584 1064 628 mquam
1089 574 1316 624 mrrantm,
1347 587 1425 615 non
1442 576 1649 615 mutentur
1678 573 1719 612 in
1746 574 1922 612 deterius
1937 575 1987 623 5),
2017 576 2152 612 tamen
2182 574 2288 611 color
2316 574 2438 611 totius

289 656 421 713 operis
446 648 661 696 et'i'udicis
686 665 766 694 non
792 660 997 715 nungmm
1020 654 1327 707 corrumpuntur
1353 649 1567 704 (Krausius
1596 649 1771 701 XIIII).

421 742 511 785 Iam
537 738 639 784 uero
658 735 708 783 eo
734 747 973 797 peruentum
1001 743 1076 791 est,
1105 744 1151 782 ut
1179 741 1230 782 de
1257 753 1307 783 ea
1334 754 1378 782 re
1407 741 1598 790 dicamus,
1626 753 1705 794 qua
1732 741 1928 781 maculam
1952 740 2232 794 grauissimam
2251 744 2292 779 et
2310 752 2437 795 paene

288 813 544 863 indelebilem
567 808 753 861 Velleius
789 812 1039 860 cofitraxisse
1073 821 1248 874 putatur.
1303 819 1403 860 Inde
1440 818 1546 859 enim
1583 831 1607 858 a
1635 816 1768 873 Lipsio
1805 831 1830 858 a
1866 817 2001 858 multis
2036 830 2157 872 saepe
2189 817 2438 857 animaduer-

291 911 379 941 sum
407 884 483 949 est,
513 892 714 939 Velleium
732 892 892 944 Tiberio
918 895 1154 952 prauissime
1181 896 1349 947 adulari,
1374 909 1503 951 neque
1531 909 1580 937 eo
1604 897 1832 936 contentum
1856 893 2071 936 Caesarem
2094 893 2437 947 Octauianumque

290 977 454 1032 praeter
484 972 629 1017 merita
663 971 883 1024 extollere,
916 972 994 1015 imo
1029 985 1076 1014 eo
1112 973 1329 1029 procedere
1357 972 1579 1027 nequitiae,
1608 975 1654 1012 ut
1685 974 1909 1012 maternum
1936 970 2071 1012 Tiberi
2107 984 2254 1025 genus,
2291 969 2437 1021 Liuios,

290 1066 316 1095 a
330 1054 491 1094 ‘merita
516 1038 808 1107 uituperatione
838 1049 1041 1092 uindicare
1068 1053 1233 1092 conetur
1259 1049 1538 1104 (Ruhnkenius
1571 1050 1656 1091 110.
1686 1048 1756 1089 cfr.
1786 1047 1986 1099 Not-isius,
2015 1047 2261 1103 Cenotaphia
2290 1046 2438 1089 Pisana

290 1144 328 1185 p.
346 1130 411 1171 92.
439 1128 485 1170 B.
521 1128 584 1184 [in
612 1124 764 1170 Gracui
797 1128 987 1168 thesauro
1016 1128 1135 1181 antiq.
1175 1135 1217 1168 et
1251 1129 1385 1169 histor.
1420 1127 1565 1169 Italiae
1600 1126 1644 1166 L
1673 1126 1718 1167 B.
1761 1127 1872 1168 1723.
1903 1126 1939 1174 8,
1967 1125 2035 1179 3.].
2102 1125 2348 1175 Loebellius,
2385 1125 2436 1165 de

291 1205 468 1259 Augusti
502 1180 727 1260 principatu
754 1219 792 1259 p.
806 1190 898 1246 232.
929 1203 989 1258 [in
1011 1203 1223 1245 Ram'neri:
1265 1205 1399 1245 histor.
1435 1203 1710 1245 taschenbuch
1741 1203 1859 1256 1834]
1888 1202 2072 1256 aliique).
2129 1202 2245 1248 Quae
2281 1202 2439 1241 macula

292 1282 459 1337 egregia
494 1281 645 1339 Sauppi
680 1283 1007 1323 commentatione
1044 1283 1227 1322 abstersa
1262 1281 1481 1331 uideretur,
1517 1282 1604 1334 (cfr.
1643 1281 1818 1320 Kritzius
1843 1280 2034 1320 XXIIII.
2070 1285 2113 1319 et
2147 1280 2438 1333 Bernhardyus

291 1359 345 1402 H.
371 1358 417 1401 L.
438 1359 496 1403 R.
521 1357 666 1416 [4850]
693 1358 839 1401 2502
867 1373 904 1415 p.
927 1358 1034 1412 548.)
1071 1356 1147 1398 nisi
1179 1362 1319 1414 postea
1345 1353 1553 1399 Hoeckius
1581 1356 1648 1412 (Η.
1668 1358 1716 1398 Β..
1736 1358 1774 1408 2,
1803 1358 1855 1398 29
1869 1359 1902 1408 ³,
1930 1358 2081 1408 32²,80
2095 1359 2128 1407 ⁴,
2157 1357 2259 1407 81²)
2287 1357 2438 1397 bellum

291 1437 484 1479 acerrime
519 1436 797 1491 redintegrare
834 1441 998 1477 conatus
1037 1418 1154 1476 esset.
1220 1435 1416 1492 Sauppius
1442 1439 1579 1477 autem
1606 1440 1715 1476 recte
1743 1437 1911 1485 monuit,
1950 1435 2168 1476 adulatoris
2196 1449 2307 1483 esse,
2335 1436 2439 1474 tales

292 1526 358 1555 ies
398 1515 584 1556 laudibus
619 1514 785 1564 efferre,
823 1528 923 1569 quas
960 1515 1090 1555 animo
1126 1515 1330 1568 reprobet,
1374 1515 1469 1567 quin
1497 1513 1620 1555 etiam
1648 1515 1800 1568 turpia,
1838 1519 1883 1554 ut
1908 1514 2081 1566 gratiam
2110 1518 2246 1567 captet
2272 1526 2439 1552 commo-

290 1592 438 1632 dumue
461 1590 665 1642 obtineat,
702 1590 890 1633 orationis
926 1592 1016 1632 fuco
1046 1604 1253 1632 exornare.
1316 1589 1464 1633 Contra
1500 1589 1703 1632 Velleium
1737 1606 1833 1645 uere
1868 1591 2127 1632 admiratione
2162 1589 2371 1630 Octauiani
2399 1594 2441 1629 et

291 1668 424 1709 Tiberi
442 1670 661 1711 ,adfectum
688 1681 800 1728 esse,
830 1683 947 1723 quos,
977 1682 1067 1709 cum
1093 1669 1173 1709 iam
1200 1670 1240 1710 in
1266 1668 1427 1722 Pompei
1453 1669 1656 1710 Ciceronis
1684 1669 1869 1710 Caesaris
1907 1669 2091 1709 laudibus
2128 1668 2308 1708 oratoriis
2336 1667 2439 1707 cala-

291 1745 440 1787 mistris
476 1747 624 1786 abusus
660 1748 787 1798 esset,
824 1747 958 1787 facere
994 1760 1074 1787 non
1110 1746 1306 1802 potuisse,
1340 1746 1432 1801 quin
1467 1746 1554 1785 sine
1590 1747 1672 1785 ullo
1708 1747 1837 1802 pulcri
1865 1760 1985 1785 sensu
2013 1746 2273 1801 praedicaret.
2332 1745 2439 1789 Qua-

292 1833 381 1862 rum
405 1826 526 1863 'certe
564 1824 729 1864 laudum
764 1824 1055 1879 ineptissimum
1088 1830 1171 1874 est,
1192 1818 1311 1877 >quod
1337 1823 1539 1864 Tiberium
1566 1824 1663 1864 VII.
1701 1824 1921 1878 triumphos
1950 1823 2135 1862 meritum
2164 1835 2254 1861 esse
2283 1836 2438 1861 summa

291 1898 519 1940 seueritatis
553 1900 686 1955 specie
722 1899 926 1950 adfirmat,
963 1901 1036 1941 sed
1068 1899 1196 1941 tribus
1231 1898 1353 1940 fuisse
1386 1902 1625 1941 contentum.
1671 1902 1722 1954 (2.
1753 1900 1847 1950 122,
1874 1901 1938 1951 1.).
1996 1899 2075 1940 Sed
2104 1898 2200 1939 talia
2229 1898 2439 1953 scripsisse

292 1989 384 2015 eum
412 1989 491 2016 non
518 1977 598 2017 alia
622 1977 862 2017 sentientem
882 1991 937 2039 ‘eo
964 1978 1277 2028 demonstratur,
1313 1980 1415 2032 quod
1449 1992 1494 2018 se
1527 1970 1798 2032 familiamque
1827 1993 1917 2018 cum
1946 1979 2024 2018 illis
2052 1978 2250 2018 artissime
2280 1978 2438 2018 coniun-

292 2066 391 2107 gere
418 2054 524 2094 omni
549 2054 667 2094 modo
695 2057 876 2109 temptat.
923 2055 1047 2096 Sicuti
1073 2054 1304 2110 Capitonem
1332 2061 1517 2110 patruum
1546 2057 1752 2111 Agrippae
1780 2057 1820 2096 in
1838 2057 2019 2097 Cassium
2048 2055 2332 2108 subscripsisse
2361 2056 2440 2095 lae-

291 2134 402 2172 tatur
429 2131 480 2185 (2.
497 2132 561 2182 69,
576 2134 630 2184 5),
658 2145 749 2172 cum
767 2135 878 2173 recte
893 2132 1146 2173 Drumannus
1176 2135 1229 2186 (1,
1255 2134 1349 2186 339)
1364 2133 1522 2184 iudicet,
1540 2134 1725 2184 omnium,
1754 2134 1897 2188 quibus
1912 2134 1979 2173 illo
1994 2139 2172 2189 tempore
2193 2133 2438 2174 Octauianus

292 2222 390 2249 usus
416 2212 537 2259 esset,
564 2212 816 2250 accusatores
844 2212 1073 2265 contemptu
1099 2210 1222 2250 fuisse
1251 2210 1511 2264 dignissimos.
1569 2212 1712 2265 Itaque
1742 2225 1981 2265 quamquam
2010 2212 2126 2251 facile
2155 2211 2339 2260 concedo,
2368 2211 2435 2251 ad—

291 2282 540 2327 mirationem
568 2284 778 2327 Octauiani
806 2282 1018 2341 Tiberique
1055 2286 1252 2328 sinceram
1287 2287 1426 2337 fuisse,
1461 2290 1599 2329 tamen
1624 2288 1667 2329 id
1695 2287 1868 2343 Sauppio
1896 2288 1994 2328 dare
2022 2302 2100 2328 non
2128 2302 2310 2343 possum,
2346 2300 2437 2328 eum

292 2351 511 2403 adulatoris
546 2361 703 2403 nomine
738 2376 818 2404 non
852 2376 942 2403 esse
976 2361 1287 2417 insigniendum,
1323 2363 1389 2417 qui
1419 2363 1505 2404 eius
1539 2363 1617 2406 uiri
1654 2378 1773 2419 quem
1810 2364 2031 2405 admiretur
2057 2364 2226 2406 maiores
2253 2363 2438 2405 laudibus

293 2438 434 2478 efferat
458 2438 643 2488 „ratione
654 2443 690 2488 “,
717 2441 764 2479 ut
790 2438 990 2495 Sauppius
1021 2440 1107 2482 168.
1136 2441 1211 2490 ait,
1248 2441 1524 2494 „cognationis
1550 2442 1733 2482 habita.“
1787 2443 1877 2489 Quo
1904 2443 2009 2482 circa
2035 2443 2155 2481 Drusi
2183 2442 2322 2482 laudes
2352 2441 2437 2481 sine

293 2513 412 2556 dubio
444 2516 574 2570 turpis
609 2515 846 2558 adulationis
881 2518 1112 2571 arguendae
1147 2521 1303 2569 essent,
1340 2519 1374 2559 si
1405 2518 1517 2559 illum
1546 2519 1658 2560 nulla
1685 2519 1805 2560 laude
1833 2520 1997 2572 dignum
2024 2533 2135 2570 esse,
2170 2520 2274 2560 inter
2301 2533 2440 2560 omnes

295 2596 514 2642 constaret3
556 2577 637 2635 imo
672 2594 739 2634 uel
773 2594 915 2635 laudes
942 2592 1100 2637 Tiberio
1136 2596 1309 2637 tributae
1336 2595 1573 2637 adulationis
1601 2610 1716 2637 reum
1743 2611 1835 2637 eum
1863 2598 2060 2648 facerent,
2088 2598 2122 2637 si
2150 2611 2289 2636 uerum
2319 2600 2440 2647 esset,

294 2665 399 2724 qdod
434 2669 633 2711 nonnullis
675 2670 830 2726 placet,
867 2672 952 2724 (cfr.
981 2671 1276 2723 Tillemontius,
1312 2672 1363 2714 Η.
1392 2672 1444 2721 Ι.,
1478 2673 1520 2723 1,
1548 2674 1631 2725 59.)
1665 2673 1869 2714 Tiberium
1905 2681 2124 2715 monstrum
2158 2674 2281 2714 fuisse
2319 2678 2440 2728 atque

292 2749 530 2804 portentum.
596 2748 653 2788 At
685 2760 739 2788 ne
776 2746 833 2804 sic
868 2748 1029 2803 quidem
1063 2752 1227 2806 propter
1261 2749 1381 2791 Drusi
1416 2736 1577 2793 laudem
1610 2765 1766 2792 omnem
1809 2751 2138 2806 uituperationem
2166 2750 2348 2791 Velleius
2385 2752 2441 2791 es-

429 2898 462 2943 8)
488 2897 557 2932 δοῦ
581 2908 623 2932 ne
640 2899 749 2933 ‘huius
771 2899 908 2944 quidem
934 2901 984 2934 rei
1007 2900 1160 2946 exempl·
1184 2900 1314 2935 desunt.
1363 2901 1444 2933 Post
1462 2910 1612 2945 pugnam
1635 2903 1724 2936 enim
1749 2903 1975 2936 Pharsalicam
2006 2903 2127 2935 Caesar
2150 2903 2310 2936 libentius
2333 2905 2442 2936 uitam

296 2958 446 2997 dudi-0,
481 2968 582 3000 quan
602 2959 688 2993 uicti
708 2960 882 3003 mpbe
909 2964 1090 2994 mmin-
1111 2962 1167 3004 (2,
1186 2960 1247 2994 ¹52.
1272 2961 1329 3001 6.).
1376 2958 1476 2997 Quod
1496 2961 1679 3008 manifesto
1712 2961 1836 2995 &laum
1870 2967 1938 3001 est,
1971 2962 2096 3004 partim
2128 2963 2217 2995 euim
2243 2963 2442 3005 Pompeiani

294 3015 417 3052 uictori
444 3026 479 3050 se
503 3015 714 3059 dediderunt,
738 3018 865 3062 porfi-
885 3018 1013 3055 bouum
1030 3029 1191 3054 maome
1216 3017 1328 3054 oon-ti
1350 3021 1437 3053 tunt.
1460 3018 1669 3064 (05²ssss
1674 3022 1705 3054 7.
1717 3021 1765 3061 3)
1798 3019 1890 3054 Vnus
1913 3019 2177 3054 erutum-muns
2195 3020 2255 3064 qni
2277 3020 2440 3065 pertinaci

294 3075 406 3109 animo
430 3074 575 3110 Lesbum
598 3074 777 3120 recederet,
804 3075 957 3112 Caesaris
978 3076 1188 3113 dementiam
1211 3080 1416 3122 aspernatus.
1438 3077 1668 3122 (Drumsnnus
1694 3080 1728 3121 3,
1744 3081 1836 3124 571;
1858 3081 1891 3122 2,
1916 3079 2011 3122 394).
2063 3079 2223 3124 Inprimis
2250 3084 2364 3114 autem
2389 3080 2443 3115 in·

295 3137 410 3180 aptum
434 3138 503 3178 est,
534 3132 623 3179 quod
648 3136 683 3178 2,
706 3134 762 3170 67.
781 3135 815 3169 2.
837 3134 926 3170 inter
957 3134 1046 3170 filio·
1067 3146 1189 3170 uxores
1213 3145 1327 3170 seruos
1350 3135 1489 3169 libertos
1512 3136 1751 3182 distinguitur,
1784 3143 1885 3182 prout
1908 3138 1961 3171 uel
1988 3139 2112 3172 maiore
2137 3139 2192 3172 uel
2214 3139 2342 3173 minore
2363 3139 2444 3174 fidei

294 3160 956 3238 *mactmus-emunt.
1007 3194 1275 3237 Aooedigquod
1308 3195 1397 3226 nemi
1428 3196 1843 3238 saepefaunscesuxore
1875 3197 1998 3229 iaenfid
2024 3198 2088 3230 filii
2112 3198 2190 3230 fidis
2159 3199 2270 3231 issimi
2295 3200 2441 3233 fucum

299 3253 670 3292 nrumnusuaw.
