2709 3576
1316 62 1381 116 22

258 177 373 217 nouis
412 176 566 215 ciuibus
603 174 893 215 distribuendis
929 175 1065 228 legem
1099 175 1246 214 ferenti
1273 178 1416 214 auctor
1441 175 1600 220 Marius
1629 175 1755 217 fuisse
1784 177 2083 231 putandumst.
2133 177 2325 223 ,Si-anim
2339 178 2431 230 ius,-

257 257 304 292 ut
329 251 539 306 Appianas
567 254 726 300 narrat,
765 251 889 290 exsul
910 252 1121 298 manebat,
1161 250 1259 290 nihil
1283 262 1340 289 ex
1364 250 1435 290 ina
1463 251 1557 303 leg-e
1588 251 1775 296 utilitatis
1800 254 1925 309 impinr
1979 254 2432 300 Athmgomffl

257 343 428 370 mannus
450 331 505 383 (2,
532 330 692 381 58122)
719 329 801 368 iam
830 333 927 368 tune
953 329 1127 369 Marium
1152 328 1320 370 acinus
1350 329 1442 382 lege
1468 334 1710 376 reuocatum
1737 342 1837 372 enno
1859 331 2263 376 sdflmrsuidstur.
2284 353 2289 363 =
2309 332 2430 381 ΟΝ

255 422 347 448 cum
382 420 457 462 per
489 420 537 446 se
563 420 645 447 non
671 419 841 446 neeesse
869 408 942 453 sit3
987 419 1080 447 nam
1103 407 1231 447 Cinna
1258 406 1373 467 nouis
1399 406 1554 446 ciuibus
1583 406 1784 447 adiunctis
1811 408 1881 447 uel
1901 408 1997 448 sins
2020 409 2154 459 Mario
2179 409 2283 453 satis
2307 410 2429 453 habo-

254 488 325 526 bat
357 486 581 540 potentiam
617 491 703 524 tum
731 498 757 524 a
791 497 928 524 rerum
969 484 1230 538 scriptoribus
1253 496 1333 524 non
1359 483 1631 524 confirmem
1659 485 1748 536 (σιτ.
1782 485 1886 540 App.
1922 487 1956 535 1,
1983 487 2048 529 64.
2087 486 2173 528 Liu-
2204 475 2288 538 79„
2308 500 2429 542 quem

253 565 355 605 falso
393 563 618 604 contrariae
648 563 873 603 sententiae
903 563 1161 603 Drumannus
1190 566 1397 602 auctorem
1424 562 1551 613 citat.)
1594 562 1671 602 Dio
1698 562 1859 615 quidem
1888 564 1953 615 (fr.
1988 564 2076 614 119,
2106 566 2141 605 1.
2169 565 2268 617 Sta.)
2286 565 2428 619 ,legem

253 642 295 682 in
321 642 452 682 altera
482 640 678 681 seditione
707 639 805 680 dicit
828 643 1065 681 renouatum
1094 651 1196 679 esse.
1246 638 1330 679 Sed
1356 639 1432 680 hoo
1448 642 1745 693 argumentum,
1773 651 1865 681 oum
1879 640 2188 695 &fragmentis
2201 641 2300 685 satis
2317 646 2428 686 certo

250 719 420 759 iudicari
454 722 651 771 nequeat,
684 729 764 757 non
789 716 927 769 magni
956 715 1147 757 momenti
1175 720 1249 754 est.
1310 715 1456 756 Florus
1482 719 1620 757 autem
1645 716 1700 769 (3,
1718 716 1768 758 21
1788 716 1844 771 [2.
1863 716 1911 770 9]
1930 717 1973 769 9)
1998 719 2042 758 et
2068 717 2260 760 Aurelius
2287 718 2428 762 Victor

252 796 337 849 (69)
366 808 487 849 quam
515 794 613 835 nihil
639 793 824 843 ualeant,
855 793 922 833 uel
948 805 996 834 eo
1023 796 1148 848 patet,
1176 792 1283 845 quod
1311 792 1448 845 legem
1475 791 1528 833 de
1555 792 1669 834 nouis
1694 792 1850 846 ciuibus
1878 793 2005 835 latam
2033 807 2084 836 ne
2113 796 2239 837 uerbo
2263 795 2426 849 quidem

250 872 477 926 adtingunt.

386 949 515 991 Cinna
557 951 648 1003 post
676 949 779 989 hanc
808 947 942 1000 legem
972 946 1097 988 latam
1124 959 1180 987 ex
1209 946 1310 987 urbe
1338 947 1493 1002 pulsus,
1520 951 1732 1002 postquam
1759 947 1985 990 exercitum
2011 949 2121 1004 apud
2148 942 2423 1004 Nolam‘(siue

251 1028 391 1082 Capua
418 1027 495 1067 suit
520 1027 624 1080 App.
649 1028 683 1075 1,
700 1026 781 1076 63.)
809 1019 860 1065 ad
892 1037 988 1064 suas
1010 1026 1147 1078 partes
1175 1023 1327 1076 adogit,
1355 1030 1401 1064 ut
1427 1025 1602 1078 gratiam
1631 1038 1656 1066 a
1683 1026 1829 1080 populo
1855 1025 1978 1076 ineat,
2004 1026 2180 1069 Marium
2205 1042 2263 1069 ex
2283 1029 2424 1071 Africa

250 1107 415 1146 reuocat
443 1104 494 1156 (2.
526 1104 591 1153 20,
619 1104 687 1152 4.).
722 1101 965 1143 Plutarchus
993 1100 1110 1153 (Mar.
1129 1100 1194 1150 42,
1221 1101 1277 1152 2.)
1305 1108 1441 1143 autem
1470 1102 1645 1143 Marium
1675 1102 1895 1143 reuertisse
1922 1107 2074 1153 narrat,
2102 1104 2343 1159 simulatque
2370 1106 2423 1147 ds

251 1184 373 1223 rebus
400 1181 555 1222 Romae
594 1180 722 1233 gestis
763 1180 911 1220 certior
946 1181 1077 1219 factus
1115 1184 1234 1219 esset.
1269 1182 1358 1232 (cfr.
1388 1182 1491 1236 App.
1527 1184 1560 1231 1,
1589 1182 1671 1232 67.)
1724 1180 1844 1230 Quod
1871 1182 1914 1222 in
1941 1181 2126 1236 Appiano
2160 1182 2326 1235 quidem
2350 1184 2422 1225 mi-

249 1275 338 1301 rum
368 1274 459 1300 esse
488 1273 567 1299 non
593 1261 748 1312 potest,
791 1258 859 1309 qui
887 1245 1005 1297 sicuti
1032 1257 1074 1295 in
1103 1257 1332 1310 Sulpiciano
1360 1260 1534 1299 tumultu
1562 1260 1692 1299 Mario
1722 1263 1859 1312 partes
1886 1259 2059 1300 maiores
2086 1260 2239 1301 tribuat
2264 1262 2351 1312 (cfr.
2386 1263 2420 1309 1,

248 1339 301 1378 ’70
329 1353 366 1390 p.
395 1337 449 1377 99
487 1337 693 1392 [ςῖσθοντυ
733 1332 809 1389 γὰρ
844 1343 1018 1389 Μαρίου
1054 1340 1149 1390 ἔργα
1188 1335 1293 1377 εἶναι
1331 1337 1424 1377 *ἅδε
1465 1337 1616 1384 πάντα,
1665 1344 1823 1378 Κίνναν
1859 1336 2041 1386 ὁάιῖτοίς
2079 1338 2419 1391 ἐπιγράφεσθαι]

253 1417 285 1463 1,
301 1415 364 1454 68.
396 1414 482 1467 [ubi
498 1413 653 1452 Marius
669 1412 870 1452 Samnites
886 1413 937 1452 ad
954 1413 1079 1467 ipsius
1094 1416 1231 1466 partes
1248 1413 1372 1452 trahit
1386 1413 1604 1465 antiquitus
1621 1413 1657 1451 ei
1673 1413 1840 1466 amieos]
1856 1416 1896 1462 -l,
1914 1415 1977 1453 64.
2009 1414 2095 1466 [ubi
2110 1414 2187 1467 Ap.
2205 1414 2418 1454 Claudium

251 1492 482 1544 corrumpit,
497 1494 542 1530 ut
557 1491 782 1530 Ianiculum
798 1491 1002 1543 prodat.]).
1023 1490 1163 1528 Potest
1178 1493 1314 1529 autem
1332 1503 1398 1529 res
1415 1491 1473 1529 ita
1486 1490 1693 1538 accidisse,
1712 1494 1757 1529 ut
1770 1491 1810 1538 ii,
1826 1490 1894 1542 qui
1902 1490 2077 1529 Marium
2092 1491 2302 1529 certiorem
2314 1492 2420 1530 face-

248 1573 349 1617 rent,
378 1567 496 1608 simul
524 1570 569 1608 ut
597 1566 749 1607 rediret
779 1567 1100 1607 adhortarentur.
1159 1567 1284 1607 Certe
1309 1581 1407 1606 uero
1435 1581 1512 1607 non
1541 1572 1637 1620 puto
1666 1568 1938 1618 (Drumannus
1966 1569 2013 1615 2,
2041 1569 2150 1618 590),
2178 1569 2344 1608 Cinnam
2373 1582 2417 1607 se

247 1646 377 1685 Mario
405 1645 669 1699 adplicuisse,
708 1644 786 1683 imo
813 1657 861 1683 eo
889 1658 1006 1682 usum
1035 1658 1147 1692 esse,
1189 1644 1304 1683 cuius
1332 1658 1474 1698 opera,
1513 1658 1615 1696 quae
1643 1644 1729 1698 ipse
1758 1645 1903 1693 uellet,
1933 1652 2256 1697 consequeretur.
2310 1646 2414 1686 Nam

165 1731 172 1735 '
247 1722 450 1776 potentiae
480 1722 677 1775 adpetens
707 1730 807 1767 erat,
836 1721 908 1760 sed
938 1726 1071 1761 utrum
1101 1719 1210 1761 solus
1232 1735 1284 1761 an
1313 1735 1403 1760 cum
1431 1721 1587 1773 collega
1605 1734 1694 1761 eam
1711 1721 1922 1770 obtineret,
1950 1722 2005 1761 nil
2025 1723 2201 1762 curabat
2232 1723 2414 1774 (Monim-

246 1800 381 1839 senius
411 1800 447 1848 2,
476 1800 584 1849 306.)

381 1877 549 1917 Interim
581 1877 651 1917 Cn.
683 1875 914 1930 Pompeius,
960 1883 1071 1915 utras
1111 1879 1248 1929 partes
1289 1876 1602 1938 amplecteretur
1637 1875 1845 1924 dubitans,
1883 1876 2059 1916 medium
2087 1891 2131 1916 se
2160 1879 2331 1929 gerebat
2358 1879 2409 1931 (2.

244 1958 307 2003 21,
342 1959 403 2007 1.).
461 1954 580 2001 Quod
610 1955 660 1994 ab
695 1953 877 1993 omnibus
906 1953 961 1993 ita
990 1954 1269 2001 confirmatur,
1298 1956 1343 1992 ut
1371 1952 1551 2006 plerique
1579 1952 1701 1992 etiam
1728 1953 1913 2005 grauius,
1940 1968 2060 2007 quam
2090 1953 2292 2005 Velleius,
2320 1970 2412 1995 eum

244 2033 542 2088 reprehendant
574 2031 674 2084 (Liu.
699 2032 761 2073 79.
794 2032 917 2073 Gran.
950 2030 1029 2071 Lic.
1058 2030 1137 2083 [cd.
1168 2029 1331 2083 heptas]
1360 2030 1411 2071 23
1441 2028 1484 2069 B.
1510 2030 1575 2076 16;
1604 2029 1656 2070 27
1684 2029 1728 2070 B.
1758 2030 1784 2071 9
1801 2032 1874 2080 ¹⁹).
1926 2031 2008 2072 Cur
2035 2034 2171 2071 autem
2200 2033 2411 2087 optimates

243 2125 320 2151 non
349 2111 561 2158 adiuuerit,
591 2110 704 2149 uarie
734 2109 916 2149 trahitur.
977 2110 1033 2148 At
1054 2109 1158 2161 quod
1178 2107 1361 2147 Velleius
1389 2108 1496 2157 dicit,
1525 2109 1762 2148 frustratum
1790 2108 1902 2148 illum
1931 2110 2161 2149 consulatus
2188 2125 2260 2164 spe
2279 2112 2411 2152 neutri

243 2189 347 2243 parti
376 2202 419 2227 se
450 2188 676 2235 addixisse,
715 2187 755 2226 id
784 2200 862 2240 quo
889 2187 1090 2241 pertineat
1117 2200 1194 2226 non
1223 2186 1341 2225 uideo
1356 2187 1430 2236 20).
1488 2185 1588 2226 Cum
1617 2185 1722 2225 enim
1752 2185 1865 2226 Sulla
1891 2186 1948 2227 ita
1976 2200 2054 2227 non
2082 2187 2249 2228 comitiis
2277 2189 2410 2230 candi-

243 2267 359 2307 datos
389 2266 710 2319 suppeditasset,
745 2268 789 2304 ut
826 2265 1016 2304 infestum
1044 2264 1168 2317 ipsius
1198 2263 1380 2317 partibus
1409 2262 1577 2303 Cinnam
1605 2266 1811 2312 crearent,
1847 2263 2063 2318 Pompeius
2088 2278 2137 2305 eo
2162 2266 2290 2306 iratus
2319 2280 2408 2307 esse

241 2343 350 2384 nullo
387 2343 504 2383 modo
540 2342 678 2396 potuit.
739 2341 849 2382 Vera
886 2344 1022 2382 autem
1062 2354 1205 2381 caussa
1234 2340 1360 2380 fuisse
1388 2339 1572 2388 uidetur,
1609 2340 1715 2393 quod
1743 2353 1799 2380 ex
1827 2341 2005 2394 equestri
2032 2347 2155 2395 gente
2182 2346 2301 2384 natus
2329 2359 2409 2385 om-

238 2421 332 2462 nino
368 2423 533 2461 senatus
571 2419 753 2474 partibus
790 2432 869 2459 non
909 2419 1159 2469 fauebatfl).
1218 2417 1320 2459 Cum
1358 2416 1483 2469 igitur
1509 2416 1702 2458 Metellus
1730 2417 1968 2458 Samnitium
2002 2418 2109 2461 bello
2136 2420 2407 2473 distineretur,

238 2500 280 2539 et
309 2497 429 2539 ualde
458 2496 580 2538 dubia
609 2498 719 2537 esset
748 2495 999 2551 optimatium
1028 2494 1215 2544 uictoria,
1244 2507 1324 2535 non
1351 2496 1452 2544 erat,
1481 2507 1553 2535 cur
1577 2493 1703 2549 ipsius
1730 2494 1871 2550 opibus
1899 2498 2036 2550 partes
2060 2510 2199 2538 eorum
2226 2486 2427 2541 corrobo-'

385 2621 439 2663 ¹⁹)
465 2620 641 2664 Appianus
674 2618 811 2662 quidem
839 2619 887 2662 (1,
914 2620 959 2652 66
989 2622 1074 2653 extr.
1102 2619 1172 2659 67.)
1212 2628 1281 2651 non
1313 2616 1437 2650 diserte
1462 2617 1526 2650 hoe
1551 2617 1644 2651 dicit.
1707 2620 1866 2652 Attamen
1892 2619 1948 2652 uel
1969 2629 2012 2652 ex
2035 2629 2095 2658 eo.
2133 2620 2223 2663 quod
2245 2622 2405 2657 Mutunus

236 2679 355 2714 consul
381 2691 402 2713 a
417 2678 628 2713 Samnitibus
654 2681 832 2713 reuocetur
858 2677 905 2721 (¹,
922 2678 985 2713 68:
1016 2678 1185 2724 στρατιᾶς
1208 2673 1314 2719 ἄλλης
1340 2672 1515 2720 δεόμενοι)
1543 2677 1709 2722 Pompeio
1737 2681 1890 2713 mmm
1914 2679 1981 2714 soii
2003 2679 2167 2714 oonfldoee
2185 2691 2253 2715 non
2275 2683 2406 2727 potuis-

235 2750 269 2772 se
295 2738 459 2783 sequitur.
485 2737 546 2772 cfr.
573 2739 679 2774 Gran.
705 2736 779 2772 Lie.
804 2739 847 2770 27
876 2741 923 2773 Λ.
949 2738 985 2773 4.
1048 2736 1115 2770 Sed
1138 2736 1204 2770 hoo
1227 2736 1341 2782 ipsum
1367 2734 1459 2781 apud
1482 2735 1653 2773 Velleiun
1675 2747 1744 2778 non
1763 2741 2055 2774 commoratur.
2104 2739 2159 2775 Eo
2181 2740 2238 2784 fit,
2260 2745 2299 2777 ut
2317 2752 2404 2786 quas

234 2798 278 2831 ud
301 2797 494 2832 Ianiculum
516 2797 607 2830 faeta
633 2797 723 2839 sint,
747 2796 822 2841 ipsa
843 2807 977 2841 quoque
1001 2800 1175 2830 taoeantnr
1199 2799 1301 2840 atque
1324 2795 1450 2842 Cinnae
1475 2795 1595 2830 foeda·
1619 2806 1696 2843 cun
1720 2794 1929 2832 Sannitibus
1949 2796 2087 2832 initum.

377 2859 433 2895 ²⁸)
459 2856 577 2889 Possis
602 2856 692 2889 hunc
716 2857 828 2888 locum
853 2856 902 2888 eis
927 2854 1062 2898 addere,
1086 2855 1208 2898 quibus
1233 2865 1336 2898 supra
1362 2854 1404 2897 (1,
1428 2855 1464 2897 4)
1488 2854 1632 2898 probare
1656 2857 1796 2888 oon-tua
1821 2865 1908 2895 sum,
1931 2855 2101 2890 Vsusimn
2124 2867 2209 2900 quas
2233 2858 2270 2891 in
2291 2859 2403 2894 nodio

234 2918 346 2948 essent
369 2924 504 2948 caussas
530 2924 643 2947 rorum
670 2923 847 2958 exponere,
872 2912 1049 2946 interiores
1075 2923 1142 2946 non
1167 2910 1384 2957 perscrutari.

388 2973 447 3016 ἰ)
475 2973 536 3008 cfr.
561 2972 804 3006 Mommsenius
832 2975 865 3014 ²,
890 2973 972 3005 260.
1021 2972 1152 3014 cetera,
1177 2982 1263 3015 quse
1290 2970 1507 3005 nmmum
1520 2973 1555 3013 2,
1577 2971 1698 3005 583⁸*
1726 2969 1836 3013 addit,
1858 2982 1927 3005 uon
1950 2971 2109 3007 uidentur
2136 2984 2209 3007 rem
2232 2974 2317 3008 satis
2344 2985 2400 3007 exa·

231 3032 370 3076 plicare.
420 3031 664 3064 Mommsenius
690 3030 715 3063 l.
735 3030 816 3064 307.
843 3034 961 3064 autem
987 3030 1195 3074 suspicatur,
1221 3028 1424 3072 Pompeium
1452 3028 1660 3072 insequentis
1682 3028 1765 3062 anni
1788 3029 1998 3064 oonsuhtmn
2022 3030 2214 3075 sdpeflsu,
2238 3042 2306 3075 quo
2327 3031 2401 3076 ipso

232 3101 364 3125 summa
397 3101 509 3125 rerum
543 3089 721 3135 potiretur.
770 3089 859 3124 Nam
888 3087 1050 3124 cinmis
1082 3100 1159 3123 eum
1183 3099 1252 3123 non
1277 3086 1415 3130 fauisse,
1438 3099 1480 3123 ex
1503 3087 1643 3133 proelio
1667 3087 1870 3131 grauissimo
1895 3099 1972 3124 oum
1998 3089 2049 3125 sis
2071 3090 2251 3125 nemim
2274 3091 2401 3134 conligi
2476 3092 2481 3094 ’

233 3153 333 3194 atque
359 3159 401 3183 ex
428 3159 480 3190 eo,
508 3147 599 3194 quod
613 3147 793 3182 Octauium
817 3147 860 3182 ad
885 3146 1075 3183 Ianiculum
1100 3146 1283 3182 adiuuerit.
1322 3147 1368 3181 At
1393 3145 1573 3191 proelium,
1597 3156 1698 3191 quam
1723 3157 1791 3182 non
1813 3157 1918 3192 graue
1933 3147 2048 3192 fuerit,
2069 3147 2275 3191 uidebimus,
2301 3149 2400 3188 Oct»

232 3208 326 3242 uium
359 3214 472 3242 sutem
513 3219 594 3241 num
631 3206 821 3250 adiuuerit,
865 3207 1003 3241 omnino
1041 3206 1182 3240 dubium
1218 3210 1282 3240 est.
1359 3206 1448 3239 Nam
1475 3202 1674 3252 'quanquam
1700 3206 1875 3251 Appi-nun
1904 3208 1934 3249 Ι,
1956 3209 2003 3244 68
2028 3218 2063 3252 p.
2087 3209 2137 3243 96
2163 3207 2303 3242 eunden
2326 3219 2398 3243 ren

231 3271 356 3307 narrat,
383 3267 504 3300 Liuius
530 3269 586 3299 80.
611 3266 788 3301 Metellum
812 3266 1015 3300 succurrisse
1038 3266 1167 3301 scribit.
