2709 3576
1284 107 1348 155 25

244 230 316 259 eur
353 230 534 260 summae
555 229 708 258 <rerum
742 214 905 272 semper
946 222 1057 259 esset
1084 219 1281 273 adpetens
1308 231 1384 259 nec
1409 223 1545 259 tamen
1572 231 1747 270 unquam
1774 219 1968 258 audacter
1996 231 2099 270 quae
2130 218 2256 258 uellet
2283 231 2400 257 exse-

242 295 436 348 queretur
462 293 766 347 (Mommsenius
785 294 892 343 3,13
918 294 988 335 cfr.
1003 295 1125 353 1901).
1180 294 1349 335 Etiamsi
1377 298 1514 336 autem
1528 294 1761 348 Pompeium
1788 297 1911 344 recte,
1938 294 2027 347 quis
2054 294 2186 342 fuerit,
2218 294 2399 335 Velleius

242 371 503 427 perspexisse
537 370 718 421 uidetur,
746 373 882 412 tamen
907 371 1019 422 illud,
1053 371 1160 425 quod
1187 371 1372 412 ultimum
1399 375 1489 413 erat
1514 372 1665 412 liberae
1692 372 1788 426 reip.
1821 384 1911 411 cum
1938 370 2009 421 eis,
2037 370 2104 424 qui
2135 384 2305 424 regnum
2329 372 2398 412 ad-

242 449 459 498 factasunt,
485 447 637 489 bellum
659 460 739 489 non
767 450 877 488 recte
902 447 1103 488 diiudicat.
1159 446 1338 488 Primum
1365 449 1482 498 enim,
1508 451 1657 501 quanto
1676 461 1796 502 opere
1819 447 2025 502 Lepidana
2050 448 2243 488 seditione
2265 462 2399 488 rerum

243 539 268 567 a
295 524 410 567 Sulla
441 524 715 566 ordinatarum
739 526 870 566 status
895 538 1113 566 concussus
1139 524 1192 565 sit
1219 524 1446 566 describere
1472 539 1637 580 prorsus
1665 525 1821 566 omittit.
1877 524 2032 565 Deinde
2057 538 2159 578 quae
2187 524 2399 580 Pompeius

243 601 386 643 feeerit
411 601 453 641 in
479 601 606 656 primo
634 601 856 651 consulatu,
883 602 1027 654 quibus
1055 601 1297 656 reipublicae
1326 603 1453 643 forma
1477 616 1502 643 a
1531 602 1645 643 Sulla
1666 603 1889 643 instaurata
1916 607 2241 652 commutaretur,
2270 603 2399 655 magis

245 678 463 731 significat,
489 691 610 731 quam
637 678 803 733 exponit
831 679 882 730 (2.
913 679 978 727 30,
1006 680 1072 729 4.).
1126 678 1231 718 Nam
1257 678 1470 733 Pompeius
1498 682 1541 719 et
1567 680 1652 733 ipse
1681 679 1813 731 legem
1841 679 1949 728 tulit,
1986 692 2065 732 qua
2092 679 2301 718 tribunicia
2334 693 2400 733 po-

246 758 374 796 testas
402 755 589 796 restituta
616 757 691 805 est,
720 758 762 795 et
781 754 991 795 Aurelium
1017 754 1175 797 Cottam
1202 756 1255 796 ad
1279 756 1412 808 legem
1434 755 1681 796 iudiciariam
1709 756 1915 796 ferendam
1945 756 2185 796 commonuit
2213 755 2399 808 (Peterus

244 834 281 884 2,
310 833 394 873 168.
424 832 711 873 Mommsenius
741 834 778 882 3,
796 833 888 883 94).
935 831 1050 872 Haec
1079 845 1146 872 res
1169 845 1216 872 eo
1242 834 1478 873 obscuratur
1498 846 1523 873 a
1543 832 1711 882 Velleio,
1741 834 1845 886 quod
1863 833 1995 885 legem
2011 833 2216 873 Aureliam
2237 839 2328 888 post
2345 834 2398 873 le-

243 922 338 964 gem
365 910 527 950 demum
554 909 766 951 Gabiniam
794 911 1078 950 commemorat
1103 909 1153 962 (I,
1180 922 1217 949 n.
1242 910 1308 961 3.).
1351 909 1411 950 Ea
1437 914 1573 950 autem
1598 910 1689 962 lege
1717 910 1833 951 Cotta
1861 922 1950 960 non,
1979 915 2023 950 ut
2041 909 2222 950 Velleius
2248 917 2398 960 narrat,

244 988 295 1040 (2.
315 987 378 1036 32,
407 987 462 1038 3.)
490 986 594 1027 inter
616 988 800 1027 senatum
818 985 1052 1039 equitesque
1068 985 1214 1027 iudicia
1229 985 1399 1040 partitus
1416 990 1490 1036 est,
1520 986 1593 1026 sed
1613 986 1718 1026 inter
1741 991 1946 1027 senatores
1966 986 2121 1039 equites
2139 987 2397 1040 tribunosque

243 1063 420 1104 aerarios
434 1063 508 1115 ²⁵).
536 1063 621 1115 (cfr.
638 1061 954 1115 Marqmrdtius,
976 1061 1028 1101 H.
1044 1061 1090 1102 E.
1105 1061 1155 1102 R.
1171 1062 1308 1103 4243.
1330 1062 1628 1112 Mommsenius,
1645 1063 1733 1103 trib.
1758 1062 1871 1103 Rom.
1886 1065 1950 1113 45,
1969 1064 2048 1114 52.)
2080 1063 2172 1114 Sed,
2194 1066 2298 1117 quod
2319 1078 2399 1105 ma-

243 1140 398 1180 ximum
428 1142 502 1189 est,
533 1153 653 1192 quam
679 1138 761 1184 uim
783 1138 968 1179 habitura
995 1139 1117 1179 fuerit
1139 1139 1208 1178 lex
1225 1138 1405 1189 Gabinia,
1435 1139 1510 1179 nisi
1524 1139 1713 1193 Pompeio
1729 1139 1931 1179 cunctanti
1961 1148 2002 1179 et
2019 1140 2074 1179 nil
2094 1141 2257 1180 audenti
2288 1156 2351 1180 res
2375 1155 2397 1180 c

244 1218 428 1257 manibus
443 1222 553 1256 esset
569 1217 718 1270 elapsa,
734 1229 898 1270 prorsus
913 1229 991 1256 non
1009 1216 1210 1256 intellexit
1224 1216 1297 1267 26).
1340 1217 1503 1271 Pompei
1518 1218 1623 1256 enim
1641 1217 1862 1271 imperium,
1892 1230 1981 1256 cum
1995 1230 2053 1266 eo,
2077 1219 2181 1270 quod
2199 1219 2398 1271 quondam

244 1292 441 1333 Antonius
468 1293 606 1332 habuit
631 1293 672 1331 in
688 1292 850 1346 piratas,
880 1295 1093 1346 comparat.
1136 1292 1192 1332 At
1206 1292 1312 1332 aliud
1328 1296 1391 1332 est
1404 1293 1485 1332 tale
1511 1293 1720 1347 imperium
1737 1297 1979 1346 (quanquam
1993 1295 2141 1334 Antoni
2156 1294 2396 1350 Pompeiano

244 1354 322 1410 non
346 1370 463 1423 plane
488 1370 562 1409 fuit
576 1382 661 1423 par,
690 1369 947 1411 Drumannus
980 1372 1012 1417 1,
1031 1370 1093 1410 63.
1111 1371 1149 1417 4,
1175 1370 1295 1420 396.),
1325 1370 1505 1423 optimati
1520 1371 1692 1418 deferre,
1720 1371 1828 1410 aliud
1844 1371 2026 1424 populari
2042 1379 2083 1410 et
2111 1373 2159 1420 ei,
2189 1373 2255 1424 qui
2270 1380 2397 1412 totum

245 1448 381 1486 orbem
405 1450 606 1486 terrarum
631 1446 671 1484 in
699 1457 743 1484 se
772 1448 1027 1484 conuerterat
1054 1446 1134 1496 (31,
1167 1446 1243 1495 1.).‘
1270 1445 1373 1485 Nam
1389 1446 1594 1498 Cethegus
1609 1451 1650 1485 et
1664 1446 1781 1487 Cotta
1793 1447 1965 1487 Antonio
1984 1448 2181 1497 fauerant‚
2208 1448 2396 1504 Pompeio

243 1528 351 1565 totus
388 1528 552 1564 senatus
589 1525 678 1563 erat
709 1523 964 1573 infestus²⁷).
1032 1523 1112 1563 Sed
1141 1523 1259 1562 simul
1285 1536 1334 1562 ea
1362 1523 1448 1576 ipsa
1475 1507 1700 1574 re‘gloriae
1731 1523 1894 1577 Pompei
1921 1525 2106 1564 detrahit.
2163 1525 2266 1565 Nam
2294 1540 2396 1579 quae

244 1601 457 1651 Antonius,
493 1600 534 1640 ni
569 1600 696 1641 omnis
715 1600 866 1646 *consili
889 1613 1039 1654 expers
1066 1600 1226 1650 fuisset,
1263 1601 1456 1654 potuisset
1491 1600 1706 1654 perficere,
1745 1614 1793 1641 ea
1820 1600 2073 1655 Pompeium,
2101 1603 2249 1643 maiore
2277 1605 2397 1644 etiam

244 1680 363 1721 laude
392 1685 594 1728 ornatum,
622 1679 860 1733 perfecisse,
887 1678 941 1718 nil
967 1681 1041 1728 est,
1072 1692 1144 1719 cur
1168 1683 1251 1719 tam
1278 1678 1401 1718 effuse
1430 1678 1627 1719 laudetur.
1671 1678 1863 1719 Attamen
1894 1679 1986 1719 belli
2015 1680 2221 1720 consilium
2237 1683 2398 1735 excogi-

244 1762 371 1799 tatum
409 1769 499 1797 esse
531 1756 760 1810 praeclare,
803 1755 953 1796 bellum
989 1756 1154 1808 egregie
1184 1759 1345 1809 gestum
1372 1757 1421 1796 ab
1449 1756 1630 1796 omnibus
1656 1756 1886 1796 conceditur
1917 1757 2187 1809 (Drumannus
2216 1761 2252 1808 4,
2277 1762 2395 1810 407.)

242 1835 372 1875 Finito
402 1834 505 1875 bello
533 1833 711 1888 piratico,
734 1833 923 1873 Manilius
952 1833 1041 1873 trib.
1070 1833 1136 1887 pl„
1164 1836 1210 1872 ut
1236 1832 1422 1886 Pompeio
1450 1833 1601 1872 bellum
1630 1833 1957 1873 Mithradaticum
1987 1835 2208 1886 gerendum
2236 1837 2398 1877 manda-

242 1897 370 1962 retur,
408 1912 499 1964 lege
533 1910 668 1950 suasit.
730 1910 794 1950 Ita
822 1909 1004 1949 Velleius
1039 1912 1196 1957 narrat;
1240 1910 1313 1949 sed
1342 1909 1581 1950 Plutarchus
1619 1910 1704 1949 sine
1744 1910 1862 1950 dubio
1902 1911 2037 1951 uerius
2072 1912 2278 1952 adiunctos
2307 1927 2396 1953 csse

242 1988 407 2043 Pompei
440 1987 605 2042 imperio
645 1986 801 2026 Luculli
838 1988 880 2026 et
917 1986 1145 2028 Glabrionis
1182 1986 1385 2025 exercitus
1422 1985 1574 2040 (Pomp.
1606 1987 1679 2035 30,
1710 1989 1770 2037 1.).
1831 1987 1873 2027 Si
1913 1988 2018 2027 enim
2052 1989 2260 2042 imperium
2298 1991 2396 2030 illud

242 2080 321 2106 non
358 2065 608 2114 retinuisset,
646 2079 725 2105 non
759 2067 878 2105 aucta
914 2066 1023 2104 esset
1059 2064 1145 2104 eius
1174 2064 1370 2118 potentia,
1409 2064 1480 2103 sed
1509 2064 1725 2104 deminuta.
1781 2064 1865 2104 Nec
1894 2072 2028 2105 tamen
2054 2079 2397 2119 superuacaneum

243 2148 331 2183 erat
362 2143 512 2182 bellum
550 2144 688 2182 contra
716 2142 1004 2182 Mithradatem
1038 2141 1327 2194 redintegrare.
1385 2140 1576 2180 Lucullus
1613 2141 1718 2180 enim
1746 2155 1769 2181 a
1799 2142 1989 2182 militibus
2019 2143 2218 2183 seditiosis
2249 2159 2398 2193 omnes,

244 2233 344 2273 quas
372 2224 490 2260 antea
520 2218 1010 2273 occupauerat„regiones
1036 2218 1219 2258 omittere
1249 2221 1407 2258 coactus
1437 2223 1509 2257 est.
1562 2217 1652 2258 Etsi
1682 2218 1806 2271 igitur
1838 2218 1963 2271 Regis
1998 2219 2105 2259 uires
2132 2220 2187 2260 ita
2219 2221 2398 2263 debilita-

244 2302 380 2347 uerat,
412 2300 458 2335 ut
484 2296 552 2335 alii
577 2296 753 2335 cuilubet
780 2295 1011 2350 imperatori
1046 2295 1251 2334 debellare
1279 2302 1387 2332 esset
1414 2295 1531 2333 facile
1561 2295 1752 2347 (Peterus
1774 2296 1812 2344 2,
1844 2297 1926 2335 164.
1965 2296 2221 2336 Drumannus
2244 2300 2280 2347 4,
2315 2301 2398 2340 160.

386 2420 443 2462 2⁵)
471 2419 593 2451 Statim
618 2419 697 2451 huie
719 2419 788 2462 legi
812 2419 963 2452 Velleius
989 2418 1145 2460 adiungit
1168 2418 1269 2450 Rosci
1295 2418 1505 2461 theatralem,
1533 2429 1600 2462 qua
1626 2419 1793 2462 equitibus
1820 2423 1991 2463 separatas
2017 2431 2037 2452 a
2060 2420 2186 2464 populo
2212 2421 2307 2454 sedes
2333 2434 2399 2455 re-

245 2479 433 2512 stitutas
471 2490 541 2511 esse
573 2478 666 2512 dicit.
711 2479 785 2520 (cfr.
816 2479 886 2513 Cic.
912 2490 947 2521 p.
967 2479 1053 2511 Mur.
1071 2479 1170 2519 §40.
1197 2478 1365 2520 Sigonius,
1389 2478 1415 2509 1.
1444 2482 1488 2512 A.
1521 2479 1562 2520 Ι.,
1591 2482 1620 2518 1,
1637 2480 1731 2519 422)
1782 2480 1857 2516 Quo
1892 2490 1933 2511 ex
1958 2480 2061 2511 uerbo
2086 2480 2246 2522 sequitur,
2272 2482 2401 2523 equites

244 2537 313 2570 iam
347 2540 445 2569 antea
476 2541 630 2579 separata
661 2547 682 2569 a
705 2537 832 2580 populo
857 2536 1020 2569 subsellia
1046 2536 1214 2568 habuisse.
1265 2537 1358 2573 Quae
1382 2546 1447 2578 quo
1472 2540 1624 2579 tempore
1649 2538 1833 2578 amiserint,
1859 2537 1959 2570 ualde
1985 2538 2099 2579 quaeri
2124 2542 2245 2580 potest.
2281 2540 2402 2573 Putea·

243 2607 307 2629 nus
335 2598 414 2630 839.
464 2597 561 2628 Certe
593 2599 705 2628 autem
741 2597 828 2628 falso
852 2596 1068 2636 Rudorffius,
1106 2596 1154 2628 H.
1178 2596 1206 2627 1.
1233 2596 1296 2637 R.‚
1326 2599 1357 2636 1,
1380 2597 1449 2628 36¹
1491 2595 1565 2637 lege
1598 2597 1737 2628 Aurelia
1768 2597 1802 2627 in
1834 2596 1975 2628 dubium
2013 2601 2168 2629 uocatum
2203 2609 2237 2629 es
2239 2609 2273 2630 se
2309 2599 2402 2639 dicit,

244 2657 357 2688 utrum
383 2653 543 2689 subsellia
567 2653 736 2696 equitibus
762 2642 935 2687 manerent
954 2664 997 2686 an
1022 2653 1240 2697 eriperentur.
1290 2654 1374 2687 Cum
1398 2652 1486 2686 enim
1503 2652 1630 2688 iudicia
1655 2665 1695 2687 ea
1721 2654 1795 2696 lege
1822 2654 1991 2697 equitibus
2015 2655 2243 2698 redderentur,
2269 2656 2304 2689 id
2329 2662 2401 2690 tan-

245 2698 319 2748 tum
343 2713 457 2757 potuit
479 2712 628 2755 ambigi,
659 2724 739 2746 num
762 2712 907 2746 tribunis
932 2712 1070 2746 aerariis
1094 2712 1184 2746 idem
1208 2713 1317 2746 honor
1341 2723 1407 2746 non
1433 2711 1668 2746 attribuendus
1692 2717 1791 2747 esset.
1834 2714 1893 2747 cfr.
1922 2715 2186 2757 Mmquardfius,
2217 2716 2263 2750 H.
2291 2718 2330 2749 E.
2362 2718 2401 2750 R.

243 2774 302 2808 43.
325 2773 373 2806 44
397 2783 431 2805 n.
453 2773 529 2814 49.,
561 2774 618 2815 qui
644 2782 678 2805 se
702 2782 769 2805 non
796 2771 941 2805 multum
966 2771 1020 2805 his
1046 2771 1129 2806 locis
1149 2771 1297 2805 tribuere
1324 2771 1508 2805 rectissime
1537 2771 1629 2805 dicit.
1678 2773 1766 2805 Nam
1791 2772 1903 2805 Vellei
1926 2774 2036 2806 locum
2064 2785 2103 2806 ex
2130 2774 2300 2808 Ciceronis
2328 2775 2350 2811 1.
2373 2786 2400 2810 c.

245 2841 316 2865 esse
340 2830 565 2875 desumptum.

380 2890 438 2931 ²⁴3)
463 2890 692 2932 Neglegenter
718 2890 869 2923 Velleius
902 2890 976 2932 lege
1000 2890 1077 2933 ipsa
1102 2889 1300 2932 Pompeium
1326 2889 1535 2930 designatum
1561 2900 1633 2922 esse
1659 2894 1784 2923 narrat
1837 2889 1903 2921 vix
1927 2891 2014 2922 enim
2043 2894 2111 2930 est,
2137 2893 2227 2933 quod
2252 2893 2401 2924 animad-

242 2950 405 2990 uertatur,
432 2947 574 2992 Pompei
600 2957 721 2981 nomen
746 2957 766 2981 a
791 2947 936 2982 Gabinio
956 2949 1110 3004 consulto
1134 2957 1200 2980 non
1225 2949 1519 2980 commemoratum
1542 2957 1623 2981 esse.
1647 2947 1713 2981 Dio
1734 2948 1790 2989 36,
1818 2948 1849 2980 ὓ
1884 2944 2047 2994 ἅντικους
2083 2960 2151 2992 μεν
2174 2946 2244 2994 γὰρ
2269 2948 2311 2983 τὸ
2336 2951 2402 2984 τοῦ

244 3008 432 3050 Πομπηίου
456 3003 573 3049 ὄνομα
600 3002 664 3038 οὐκ
688 3004 796 3038 εἶπεν.

379 3066 435 3107 ²⁷)
462 3065 528 3097 Sed
553 3065 640 3097 enim
666 3076 707 3097 ne
733 3064 834 3096 hodie
858 3065 994 3108 quidem
1019 3065 1151 3106 desunt,
1178 3064 1236 3106 qui
1261 3064 1448 3107 optimates,
1475 3064 1625 3106 partium
1651 3063 1762 3095 studio
1785 3063 2019 3105 inflammatos,
2046 3065 2210 3108 Ppmpeio
2236 3067 2399 3099 restitisse

244 3123 367 3165 dicant,
392 3135 458 3156 non
484 3135 518 3157 se
542 3124 656 3167 reique
680 3123 834 3166 publicae
858 3128 986 3158 statum
1011 3123 1250 3157 defendentes:
1291 3124 1429 3156 Peterus
1456 3124 1488 3164 2,
1516 3124 1594 3155 171.
1620 3122 1678 3154 cfr.
1704 3125 1820 3154 contra
1844 3122 2058 3156 Drumannus
2081 3126 2114 3166 4,
2144 3126 2226 3157 403.
2252 3125 2404 3158 Zonaras

248 3185 304 3224 10,
330 3184 350 3216 3
374 3193 407 3227 p.
431 3184 498 3216 305
529 3183 656 3227 (Pind.)
693 3182 884 3227 (Gabinius)
909 3184 1044 3230 ὲῇζραψε
1069 3182 1183 3229 νόμον
1204 3180 1246 3216 οὐ
1272 3184 1486 3229 ναυαρχίαν,
1520 3180 1685 3227 ἄντικρυς
1708 3179 1747 3214 δὲ
1771 3184 1968 3227 μοναρχίαν
1992 3179 2095 3226 αῧτῷ
2122 3180 2280 3217 διδόντα.
2321 3185 2403 3219 Plu·

250 3242 386 3275 tarchus
422 3246 534 3275 autem
558 3242 631 3284 lege
656 3242 799 3275 Manilia
820 3242 891 3275 lata
916 3242 1000 3276 dicit
1026 3245 1158 3287 (Pomp.
1183 3245 1239 3285 30,
1267 3245 1315 3285 2.)
1348 3237 1445 3275 τοῦτ’
1471 3233 1517 3284 ἦν
1541 3237 1596 3286 ἐφ)
1623 3240 1674 3272 ἐνὶ
1698 3236 1895 3283 συλλήβὸψ
1918 3241 2086 3286 γενέσθαι
2113 3245 2188 3275 τῶν
2212 3241 2400 3286 Ῥωμαίων

243 3296 446 3346 ἡγεμονίαν.
