2709 3576
1322 66 1387 114 26

273 178 345 219 cfr.
375 176 483 219 Plut.
514 176 610 218 Luc.
640 176 706 227 36,
735 176 774 218 3.
811 181 871 233 ιφ·
906 174 986 233 γὰρ
1026 174 1116 222 ὄντα
1151 175 1230 232 τήν
1261 178 1427 222 διαίνου
1460 176 1738 233 [Πομπηίου]
1776 183 2026 234 στρατηγίου
2052 181 2099 222 αἰ
2122 177 2438 233 zoen-{Aoe-

272 254 471 309 noima]
502 254 668 309 πράξεις
691 252 967 309 mamam),
1001 257 1137 297 tamen
1166 253 1360 297 Lucullus
1395 258 1506 296 certe
1534 254 1685 296 bellum
1712 254 1766 296 ad
1789 254 1910 297 finem
1937 256 2162 310 perducem
2191 269 2272 297 non
2297 255 2438 309 potuit.

272 331 510 374 Intermisso
546 330 693 373 deinde
731 330 900 372 triennio
928 330 1123 373 Lucullus
1154 331 1427 385 triumphauit.
1484 331 1566 377 Qui
1600 331 1827 386 triumphus
1854 336 1902 372 ut
1926 336 2124 386 ageretur
2148 333 2313 372 tandem
2339 332 2440 387 opti-

271 413 402 451 mates
429 409 613 449 adsecuti
641 412 746 449 sunt.
802 408 908 450 Nam
939 409 1115 451 Senatus
1143 409 1356 449 Lucullum
1379 412 1423 449 et
1445 410 1658 449 Metellum
1687 409 1918 449 firmissima
1943 413 2084 450 eontra
2108 410 2341 465 Pompeium
2368 409 2439 449 ad·

270 486 460 529 minicula
486 501 577 527 esse
606 487 854 542 opinabatur.
899 487 996 566 Ipse
1024 501 1124 528 uero
1150 488 1321 542 populus
1348 501 1400 527 ne
1424 487 1616 542 triumphi
1644 487 1806 540 quidem
1822 487 2123 540 magnificentia
2141 489 2342 528 adductus
2362 490 2437 538 est,

271 567 317 605 ut
342 564 511 605 Lucullo
547 565 706 605 faueret
735 538 1011 617 (Drumannus
1033 567 1217 617 4‚163..)
1271 565 1363 606 Non
1398 566 1524 619 igitur
1558 566 1816 620 perspicuum
1851 565 1918 616 fit,
1953 578 2032 620 quo
2057 566 2176 606 modo
2203 566 2311 622 apud
2337 565 2438 621 opti·

271 657 380 683 mum
408 657 608 696 quemque
638 644 797 684 Luculli
822 649 865 684 et
891 646 1049 685 Metelli
1083 646 1330 699 triumphum
1356 646 1521 700 Pompei
1549 645 1700 685 inuidia
1727 644 1990 685 fauorabilem
2014 644 2165 685 factum
2191 657 2283 684 esse
2312 643 2439 698 possit

271 720 351 760 dici
379 721 431 771 (2.
463 722 537 769 34,
565 722 590 760 2
621 726 663 761 et
690 723 755 773 3..)
808 723 968 762 Etenim
1005 724 1085 763 iam
1123 728 1244 763 antea
1277 724 1491 777 optimates
1527 723 1586 762 eis
1622 724 1833 772 fatiebant,
1876 722 2090 777 populares
2119 721 2200 761 uel
2213 724 2354 776 postea
2381 720 2439 760 in-

272 798 366 836 festi
391 805 517 837 erant.

1294 947 1418 989 xm.

413 1055 616 1096 Ciceronis
645 1056 886 1110 Catonisque
914 1057 1075 1109 ingenia
1103 1058 1236 1111 qualia
1267 1059 1417 1098 fuerint
1445 1072 1500 1098 ex
1522 1057 1657 1097 Vellei
1686 1057 1913 1098 narratione
1943 1058 1994 1110 (2.
2025 1058 2098 1106 34,
2126 1057 2162 1097 3.
2200 1056 2273 1105 66,
2303 1056 2340 1096 3.
2370 1056 2435 1105 35,

275 1135 307 1172 1.
335 1135 400 1181 45,
429 1135 483 1183 5.)
498 1135 563 1185 28)
596 1134 749 1173 frustra
785 1135 1017 1174 conabimur
1056 1135 1292 1175 instaurare.
1360 1135 1531 1188 Vtrique
1572 1135 1678 1174 enim
1712 1135 1901 1189 splendor
1939 1134 2203 1174 circumfusus
2232 1136 2340 1184 erat,
2379 1132 2437 1173 illi

270 1211 534 1263 eloquentiae,
562 1211 653 1250 huic
690 1212 950 1260 constantiae,
979 1216 1024 1252 ut
1053 1213 1140 1251 fleri
1165 1226 1244 1251 non
1274 1216 1430 1266 posset,
1461 1213 1556 1265 quin
1585 1214 1635 1251 ab
1663 1212 1721 1251 eis
1750 1212 2025 1261 laudarentur,
2055 1212 2122 1266 qui
2147 1224 2226 1251 non
2250 1211 2320 1250 diu
2346 1213 2437 1266 post

270 1295 439 1328 mortem
470 1302 609 1328 eorum
639 1293 787 1329 essent.
833 1290 925 1336 Qua
952 1303 1007 1328 ex
1037 1304 1081 1329 re
1109 1290 1301 1343 sequitur,
1330 1290 1509 1331 Ciceroni
1545 1289 1715 1330 maiores
1744 1289 1945 1329 Velleium
1968 1289 2009 1329 in
2037 1288 2242 1344 republica
2272 1288 2436 1328 admini-

270 1367 436 1406 stranda
464 1370 602 1420 partes
632 1367 821 1417 tribuere,
851 1381 970 1420 quam
1000 1368 1116 1408 hodie
1145 1367 1282 1408 multis
1313 1368 1447 1421 egisse
1477 1368 1648 1418 uidetur,
1676 1370 1718 1407 et
1745 1367 1875 1421 magis
1901 1367 1986 1408 eius
2005 1367 2199 1428 rationem
2218 1366 2434 1408 Caesarem

269 1444 470 1491 habuisse,
501 1457 621 1496 quam
649 1447 762 1484 tanto
791 1445 877 1484 uiro
905 1445 945 1483 in
974 1445 1176 1484 tantillum
1205 1445 1373 1497 dignum
1397 1458 1487 1484 esse
1518 1444 1685 1484 ducitur.
1727 1445 1861 1500 Atque
1888 1457 1937 1485 ea
1967 1444 2127 1498 quidem
2155 1457 2209 1483 ex
2228 1443 2298 1493 eis,
2330 1455 2433 1496 quae

269 1521 441 1575 primum
479 1521 776 1561 triumuiratum
814 1522 995 1562 insecuta
1034 1525 1144 1570 sunt,
1194 1522 1330 1562 statim
1365 1528 1591 1562 cernuntur.
1647 1522 1762 1569 Quae
1799 1525 1934 1563 autem
1967 1522 2016 1561 de
2047 1521 2232 1563 Caesaris
2275 1520 2435 1574 ingenio

269 1599 453 1639 Velleius
483 1604 642 1649 narrat,
680 1612 729 1640 ea
758 1600 813 1640 ita
851 1612 950 1639 uera
982 1604 1095 1648 sunt,
1141 1602 1185 1639 ut
1214 1599 1403 1639 uniuersa
1432 1599 1517 1638 eius
1547 1598 1666 1639 animi
1690 1599 1844 1640 indoles
1872 1613 1950 1640 non
1982 1599 2345 1654 comprehendatur
2357 1599 2432 1650 ²⁹).

268 1677 508 1729 Quanquam
553 1682 689 1716 autem
717 1675 934 1717 Caesarem
969 1688 1047 1716 non
1081 1676 1138 1716 ita
1171 1678 1267 1731 puto
1306 1677 1527 1730 perfectum
1556 1689 1608 1715 ex
1638 1675 1744 1716 omni
1772 1679 1887 1731 parte
1917 1675 2061 1726 fuisse,
2104 1679 2150 1717 ut
2177 1689 2312 1717 rerum
2340 1675 2434 1716 scri-

267 1754 447 1809 ptoribus
475 1754 736 1794 admirandus
763 1753 826 1804 sit,
858 1767 935 1794 non
972 1753 1261 1793 describendus
1290 1750 1592 1807 (Mommsenius
1610 1754 1648 1803 3,
1665 1753 1786 1805 448.),
1810 1756 1945 1795 tamen
1976 1753 2137 1795 difficile
2165 1753 2240 1795 fuit
2268 1753 2434 1794 definire

266 1831 372 1870 illius
411 1831 587 1871 animum
624 1831 678 1881 ei,
708 1831 775 1885 qui
810 1831 1063 1871 admirationi
1103 1831 1314 1885 indulgere
1346 1830 1479 1871 uellet.
1539 1830 1681 1884 Itaque
1710 1844 1810 1884 quas
1840 1844 2010 1884 magnas
2040 1830 2080 1871 in
2107 1830 2282 1873 Caesare
2309 1830 2433 1871 fuisse

405 1970 461 2003 2Ἰ)
489 1970 520 2000 2.
548 1971 606 2008 45,
635 1971 667 2003 5.
700 1970 825 2011 legitur
855 1969 889 2000 in
919 1969 1067 2001 editione
1092 1969 1257 2012 principe:
1302 1971 1395 2000 cuius
1421 1971 1641 2009 integritatem
1670 1970 1814 2001 laudare
1843 1969 1943 2009 nefas
1965 1975 2025 2002 est.
2073 1967 2172 2006 Quod
2197 1978 2271 2001 cum
2295 1968 2433 2012 Lipsius

268 2026 475 2069 defenderit,
503 2019 725 2061 Ruhnkenius
750 2041 783 2072 p.
811 2031 891 2063 ⁶229.
924 2028 1046 2060 conicit
1070 2031 1161 2061 haud
1183 2031 1343 2067 laudari,
1372 2026 1523 2059 Kritzius
1551 2032 1584 2060 et
1608 2027 1769 2060 Halmius
1794 2027 1912 2069 legunt
1933 2030 2035 2061 laude
2051 2028 2233 2069 fraudari.
2284 2027 2350 2061 Sed
2374 2027 2433 2062 Li-

266 2086 385 2129 psiana
414 2086 502 2119 ratio
527 2086 611 2119 mihi
635 2087 771 2120 uidetur
797 2087 934 2131 optima.
987 2086 1077 2120 Dicit
1103 2087 1192 2119 enim
1217 2086 1381 2126 Velleius,
1404 2096 1478 2118 cum
1507 2086 1600 2119 nulla
1624 2087 1723 2118 laude
1750 2086 1832 2119 satis
1859 2086 1972 2119 eflerri
2000 2087 2108 2130 possit
2130 2087 2267 2120 Catonis
2293 2087 2433 2130 integri-

266 2149 336 2185 tas,
372 2145 465 2178 nefas
501 2156 592 2186 esse,
631 2146 737 2189 siquis
770 2145 869 2179 laude
895 2145 937 2178 ad
964 2157 1038 2179 eam
1063 2144 1320 2178 deminuendam
1347 2143 1442 2176 abuti
1471 2144 1563 2177 uelit.
1629 2145 1667 2177 In
1693 2144 1904 2187 expeditione
1929 2156 2010 2178 uero
2037 2145 2160 2189 Cypria
2184 2145 2255 2188 ipse
2280 2146 2432 2179 Velleius

266 2215 342 2237 eum
373 2204 475 2236 solito
515 2204 658 2237 ulterius
681 2205 883 2249 processisse
916 2204 1045 2237 statuit.
1110 2202 1209 2242 Quod
1235 2214 1302 2247 quo
1328 2202 1429 2236 modo
1452 2202 1672 2236 Ruhnkenins
1696 2214 1736 2236 ex
1761 2203 1874 2237 uerbis
1899 2203 1977 2238 elici
2002 2214 2069 2238 non
2093 2213 2191 2249 posse
2218 2203 2328 2247 dicat,
2366 2215 2432 2239 non

265 2264 438 2305 intellego.
489 2264 614 2296 Contra
648 2275 733 2306 quae
757 2265 829 2307 ipse
854 2264 955 2296 infert
981 2264 1029 2296 nil
1055 2263 1178 2296 ualent.
1228 2264 1317 2295 Nam
1342 2262 1372 2294 si
1397 2262 1548 2294 Velleius
1574 2263 1734 2296 Catonem
1762 2263 1966 2296 laudandum
1992 2274 2062 2296 esse
2088 2262 2224 2305 diceret,
2259 2273 2334 2297 cum
2360 2263 2433 2308 ipse

266 2322 496 2365 integritatem
523 2322 595 2355 eius
623 2333 690 2355 non
717 2323 944 2366 praedicaret,
973 2322 1023 2355 nil
1048 2322 1121 2354 sani
1148 2332 1246 2363 agere
1273 2320 1454 2354 uideretur.
1525 2321 1599 2358 Quo
1624 2326 1734 2354 tamen
1762 2333 1865 2365 usque
1891 2322 2029 2356 Catonis
2054 2322 2230 2364 integritas
2255 2323 2291 2354 in
2324 2324 2433 2367 Cypro

264 2380 474 2426 processerit,
503 2384 541 2414 ut
565 2392 606 2413 ne
633 2381 750 2415 amicis
774 2380 911 2425 quidem
934 2379 1126 2420 confideret,
1155 2383 1293 2412 narrant
1316 2379 1519 2412 Plutarchus
1549 2379 1624 2414 Cat.
1653 2381 1709 2420 37,
1738 2383 1769 2413 2.
1796 2383 1852 2422 38,
1884 2384 1912 2414 l.
1940 2382 2156 2415 Drumannus
2184 2383 2217 2421 2,
2244 2383 2322 2414 266.

404 2441 461 2481 ²⁵)
486 2440 564 2472 Non
601 2439 696 2473 nulla
734 2440 770 2473 in
799 2439 950 2473 Caesaris
988 2438 1165 2472 iuuentute
1197 2436 1418 2471 describenda
1454 2437 1623 2481 Sauppius
1656 2440 1731 2476 152,
1768 2438 2027 2482 animaduertit,
2063 2449 2150 2484 quae
2183 2449 2259 2473 cum
2285 2440 2430 2474 ueritate

264 2509 415 2544 pugnare
440 2497 610 2532 uidentur.
675 2499 850 2532 Caesarem
877 2498 967 2532 enim
992 2508 1059 2531 non
1085 2497 1260 2541 probabile
1289 2500 1354 2537 est,
1382 2501 1459 2529 ante
1486 2496 1601 2530 Sullae
1627 2501 1770 2531 mortem
1792 2510 1813 2532 a
1841 2498 1962 2542 piratis
1984 2503 2119 2543 captum
2145 2510 2217 2533 esse
2241 2501 2289 2541 (2.
2313 2501 2372 2540 42,
2400 2502 2432 2535 1.

264 2559 323 2592 cfr.
349 2559 442 2592 Plut.
468 2558 562 2590 Caes.
577 2560 609 2599 2,
632 2558 688 2600 l.).
738 2557 804 2590 Sed
832 2557 950 2590 Iunius
977 2556 1134 2597 Silanus,
1159 2555 1341 2599 Bithyniae
1366 2555 1550 2598 proconsul
1575 2556 1691 2599 paucis
1715 2557 1813 2594 annis
1836 2560 1914 2601 post
1937 2557 2004 2592 fuit
2029 2558 2258 2599 (Drumannus
2277 2559 2312 2600 3,
2339 2559 2432 2602 135),

264 2621 308 2654 ad
333 2632 430 2664 quem
466 2619 588 2652 dieitur
612 2631 653 2652 ex
681 2620 896 2661 nauigatione
922 2630 956 2651 sc
983 2617 1174 2652 contulisse.
1242 2616 1364 2650 Nihilo
1388 2616 1500 2649 minus
1525 2627 1590 2649 non
1616 2626 1753 2660 prorsus
1778 2619 1891 2660 potest
1915 2616 1997 2649 haec
2021 2627 2075 2649 res
2096 2615 2140 2649 ad
2164 2615 2331 2659 liquidum
2356 2627 2431 2661 per-

264 2680 353 2713 duci.
402 2680 491 2712 Nam
517 2685 552 2711 et
579 2682 681 2711 testes
705 2682 795 2718 sunt,
820 2678 879 2721 qui
906 2679 1083 2711 Caesarem
1106 2676 1299 2709 redeuntem
1324 2687 1345 2709 a
1360 2675 1545 2709 Nicomede
1570 2680 1703 2720 captum
1728 2687 1800 2709 esse
1823 2675 2031 2717 adseuerent,
2057 2678 2091 2709 et
2113 2675 2180 2709 duo
2197 2675 2319 2710 itinera
2334 2665 2434 2711 Asia·'

263 2740 331 2773 tica
361 2738 459 2772 facile
493 2737 701 2771 commisceri
735 2742 901 2782 poterant.
927 2757 969 2762 -—
1010 2735 1136 2769 Deinde
1163 2736 1198 2769 in
1223 2747 1262 2769 eo
1287 2735 1457 2769 Velleium
1481 2735 1626 2779 turpiter
1650 2746 1778 2769 errasse
1803 2734 1886 2769 dicit
1908 2735 2042 2779 Popma
2065 2735 2165 2776 895„
2195 2735 2285 2778 quod
2312 2736 2356 2770 ad
2377 2737 2431 2771 ius

264 2798 440 2843 dignitatis
471 2797 735 2842 proscriptorum
769 2797 857 2831 filios
882 2797 924 2831 ab
949 2795 1058 2830 aedile
1086 2796 1226 2830 Caesare
1254 2795 1429 2829 restitutos
1455 2806 1524 2829 esse
1549 2797 1663 2828 narret
1697 2795 1743 2837 (2.
1771 2795 1830 2831 43.
1856 2794 1915 2837 4.).
1966 2793 2033 2828 Sed
2056 2805 2123 2828 non
2147 2793 2273 2830 absona
2297 2795 2431 2832 uidetur

264 2857 452 2893 Burmanni
481 2856 688 2896 coniectura,
729 2857 807 2900 qui,
838 2867 913 2890 cum
941 2856 1057 2890 Cicero
1094 2856 1128 2889 in
1155 2856 1352 2898 consulatu,
1378 2857 1416 2889 ut
1446 2855 1622 2900 proscripti
1646 2857 1885 2889 reuocarentur
1912 2853 2120 2890 dissuaderet
2144 2855 2371 2898 (Drumannus
2398 2858 2430 2901 5,

262 2918 368 2959 437.)‚
395 2919 572 2950 Caesarem
595 2915 635 2948 de
661 2926 700 2948 ea
724 2927 758 2948 re
783 2916 849 2948 iam
874 2919 974 2948 antea
999 2914 1162 2956 cogitasse
1188 2914 1388 2958 suspicatur.
1440 2913 1505 2947 Sed
1533 2912 1685 2947 Velleius
1711 2912 1926 2955 neglegenter
1949 2913 2045 2947 illam
2069 2924 2141 2947 rem
2161 2914 2229 2947 iam
2253 2918 2333 2948 tuno
2354 2926 2430 2960 per-

263 2978 385 3012 fectam
410 2988 481 3009 esse
507 2979 615 3019 putat.
651 2995 684 2999 —
717 2974 868 3018 Denique
899 2975 1075 3008 Caesarem
1100 2973 1269 3006 flaminem
1297 2972 1430 3006 Dialem
1454 2973 1560 3006 fuisse
1587 2974 1632 3014 (2.
1658 2974 1715 3012 43,
1744 2973 1789 3015 1.)
1822 2976 2031 3015 negauerunt
2053 2973 2204 3016 plerique
2234 2974 2342 3007 secuti
2365 2975 2431 3008 Ta·

262 3038 378 3079 citum,
404 3046 480 3072 ann.
496 3036 530 3076 3,
545 3036 613 3076 58.,
637 3033 695 3077 qui
722 3038 800 3077 post
818 3033 968 3067 Merulae
994 3037 1136 3066 mortem
1153 3032 1293 3066 LXXV.
1308 3043 1412 3065 annos
1441 3036 1530 3075 (nam
1544 3032 1594 3065 ita
1607 3041 1682 3065 cum
1692 3031 1910 3065 Lachmanno
1925 3031 2104 3075 legendum
2120 3036 2181 3065 est.
2206 3032 2266 3066 cfr.
2284 3033 2431 3076 Nipper-

263 3097 358 3131 deius
386 3106 420 3140 p.
442 3089 532 3136 188.)
560 3093 725 3127 neminem
754 3092 856 3127 fuisse
881 3092 1053 3127 flaminem
1081 3090 1171 3124 dicit.
1223 3092 1318 3130 Quae
1347 3101 1400 3125 res
1424 3090 1475 3125 ita
1501 3101 1576 3126 cnm
1601 3090 1797 3125 Drumanno
1823 3089 1985 3125 facillime
2010 3090 2217 3134 expedietur,
2244 3095 2283 3125 ut
2309 3092 2429 3126 Caesa-

262 3166 333 3189 rem
364 3154 534 3187 flaminem
562 3152 795 3195 designatum,
834 3151 892 3185 sed
922 3162 988 3184 non
1021 3151 1260 3192 inauguratum
1284 3160 1357 3183 esse
1383 3153 1570 3183 statimmus
1596 3149 1643 3192 (3,
1670 3148 1823 3192 131⁸⁸.)
1848 3149 2007 3184 Nol-isius
2035 3152 2148 3184 autem
2174 3150 2269 3193 (Oen.
2295 3149 2367 3184 Pis.
2384 3162 2418 3193 p.

267 3216 331 3247 118
349 3214 402 3254 F.)
430 3213 555 3244 iniuste
581 3222 601 3244 a
626 3212 822 3244 Drumanno
846 3209 1114 3253 reprehenditur,
1141 3209 1230 3252 quod
1255 3208 1443 3241 flaminium
1468 3212 1503 3241 et
1524 3207 1758 3252 pontificatum
1781 3207 1901 3241 misere
1916 3207 2115 3241 confuderit.
2164 3207 2326 3242 Nondum
2342 3208 2431 3242 enim

263 3272 362 3316 Lipsi
387 3271 615 3304 coniecturam
641 3273 687 3314 (p.
716 3270 813 3311 892.)
840 3274 917 3302 ante
942 3269 1056 3302 oculos
1083 3267 1214 3309 habuit,
1238 3278 1305 3311 qua
1329 3267 1388 3301 lux
1415 3266 1549 3300 demum
1572 3266 1653 3300 huic
1678 3267 1752 3299 loco
1774 3267 1983 3300 conclamato
2007 3266 2123 3300 adlata
2148 3271 2210 3300 est.
