2709 3576
1309 65 1373 113 30

254 176 414 217 nitimas
444 176 502 215 uti
530 163 720 215 uo'lebant
745 174 932 227 (Petems
961 178 1002 224 1,
1031 176 1122 216 502.
1153 176 1441 215 Mommsenius
1472 178 1510 224 l,
1541 176 1659 227 708).
1728 177 1776 216 In
1815 177 2042 231 prouinciae
2080 181 2215 218 autem
2255 177 2425 218 formam

255 253 417 296 Galatia
443 253 608 294 redacta
638 256 712 302 est,
740 253 962 294 Octauiano
989 253 1179 307 principe,
1203 266 1294 293 cum
1324 253 1527 307 Amyntas
1554 266 1643 303 rex,
1670 253 1807 295 liberis
1833 254 2107 305 exheredatis,
2129 255 2331 296 Romanos
2357 255 2425 295 lie-

253 332 374 372 redes
401 330 651 371 instituisset.
684 329 777 377 (Dio
805 331 869 374 53.
899 331 963 371 26.
996 331 1067 370 cfr.
1097 329 1305 370 Fabricius
1330 334 1373 370 et
1399 330 1615 370 Reimarus
1637 330 1689 371 ad
1718 331 1755 371 h.
1778 331 1803 370 l.
1831 333 1868 381 6,
1897 332 2030 373 85ΗΠ
2065 332 2162 383 Stz.)

388 408 611 449 Maximam
645 410 781 448 autem
809 404 1114 448 admirationem
1147 411 1299 456 mouet,
1343 407 1449 460 quod
1478 406 1661 447 Velleius
1686 421 1762 448 nec
1794 408 1990 449 Moesiam
2018 409 2264 463 prouinciam
2293 421 2422 461 neque

252 487 552 538 Commagenen
586 485 970 525 commemorauerit.
1028 486 1089 525 Ac
1116 485 1311 525 Moesiam
1349 484 1511 537 quidem
1538 484 1842 537 Marquardtius
1870 487 1998 537 (105.)
2027 499 2053 526 a
2079 486 2134 526 M.
2163 487 2322 536 Crasso,
2341 485 2419 526 111.

252 564 328 604 uiri
364 569 527 616 nepote,
563 562 865 615 stipendiariam
894 563 1043 602 factam
1066 576 1156 601 esse
1184 562 1399 602 contendit.
1443 561 1563 607 Quod
1586 574 1716 613 neque
1744 574 1799 601 ex
1826 561 1898 610 eis,
1922 575 2026 614 quae
2055 562 2130 603 Dio
2158 565 2242 613 (51,
2271 563 2341 613 27)
2370 562 2421 602 de

252 640 370 681 bellis
395 640 474 679 illis
503 638 695 687 narrauit,
727 638 873 691 conligi
900 652 1018 693 posse
1047 646 1162 693 puto,
1191 652 1322 692 neque
1350 652 1405 678 ex
1436 638 1647 678 Octauiani
1667 639 1824 688 uerbis,
1854 652 1958 692 quae
1986 642 2081 680 sunt
2107 640 2215 694 apud
2248 640 2422 680 eundem

251 720 316 768 53,
346 720 382 758 7.
432 717 537 758 Nam
564 723 729 772 praeter
754 716 922 765 Gallias,
953 718 1040 756 sine
1068 717 1187 757 dubio
1217 730 1242 756 a
1270 717 1446 758 Caesare
1470 718 1669 766 subactas,
1698 722 1741 755 et
1760 716 1977 771 Aegyptus
2004 719 2047 756 et
2072 716 2290 766 Pannonia,
2318 729 2422 771 quae

253 798 437 837 deuictae
465 797 557 844 sint,
584 796 833 835 adseruntur.
879 795 960 835 Sed
983 796 1093 834 illam
1119 807 1143 834 a
1163 795 1359 835 Messalla
1384 797 1615 849 superatam
1640 795 1803 847 quidem
1826 807 1930 844 esse,
1959 795 2032 834 sed
2054 807 2133 835 non
2161 794 2367 835 redactam
2382 794 2423 834 in

252 874 469 921 dicionem,
503 872 808 926 Marquardtius
842 873 914 913 103
928 873 973 899 ⁸⁸
1004 872 1089 926 ipse
1118 871 1311 911 concedit.
1370 872 1461 918 Quo
1491 871 1608 912 modo
1633 871 1757 924 igitur
1783 871 1848 921 fit,
1886 877 1931 912 ut
1960 873 2034 912 hac
2062 885 2116 912 ex
2147 871 2421 912 coniunctione

251 951 447 990 Moesiam
473 960 569 989 tunc
596 949 840 1002 prouinciam
871 948 995 986 fuisse
1024 948 1261 987 concludat?
1303 949 1447 1000 Itaque
1472 961 1550 987 non
1579 951 1654 997 est,
1682 948 1787 1001 quod
1815 961 1906 987 oum
1920 948 2198 1002 Marquardtio
2216 948 2421 999 miremur,

252 1029 286 1066 si
323 1028 363 1065 in
400 1027 611 1081 partitione
646 1025 953 1079 prouinciarum,
983 1025 1089 1063 inter
1125 1025 1319 1063 Senatum
1357 1024 1718 1079 imperatoremque
1753 1026 1878 1074 tacta,
1909 1024 2088 1066 Moesiae
2126 1026 2237 1067 nulla
2272 1026 2421 1068 mentio

251 1104 331 1144 fiat.
384 1104 558 1144 Caecina
596 1106 730 1142 autem
763 1102 960 1150 Seuerus,
1004 1102 1071 1154 qui
1108 1101 1254 1140 dicitur
1292 1107 1366 1155 τῆς
1400 1106 1569 1151 Μυσίας
1606 1100 1741 1156 ἅρχων
1767 1100 1859 1154 (Dio
1877 1103 1949 1151 55,
1979 1102 2032 1142 29
2059 1116 2096 1156 p.
2121 1102 2229 1154 408.)
2259 1116 2337 1144 non
2366 1115 2435 1144 ex*

248 1181 427 1221 Moesiae
470 1180 630 1219 uenisse
668 1192 693 1219 a
726 1178 881 1218 Velleio
909 1183 1098 1218 narratur
1125 1177 1176 1230 (2.
1212 1177 1310 1227 112,
1335 1178 1398 1229 4),
1427 1178 1499 1217 sed
1528 1192 1580 1220 ex
1608 1178 1914 1220 transmarinis
1930 1179 2186 1234 prouincias.
2253 1180 2421 1227 Quaeri·

252 1262 319 1299 tur
343 1270 454 1310 ergo,
484 1262 619 1296 utrum
644 1256 846 1295 Velleium
875 1257 1111 1309 sequamur,
1152 1254 1220 1307 qui
1240 1254 1355 1294 ‚bella
1384 1254 1610 1295 Pannonica
1638 1252 1831 1309 praesens
1859 1254 2027 1305 uiderit,
2055 1269 2107 1296 an
2134 1256 2312 1297 Dionem.
2364 1257 2422 1298 At

250 1336 355 1375 enim
383 1335 596 1389 Poppaeus
625 1334 798 1374 Sabinus
823 1346 857 1372 a.
895 1335 953 1373 14.
984 1347 1020 1386 p.
1043 1332 1085 1373 C.
1122 1344 1159 1371 n.
1188 1331 1368 1372 Moesiae
1398 1332 1557 1384 legatus
1580 1332 1703 1372 fuisse
1731 1332 1965 1386 perhibetur
2002 1331 2110 1384 (Tac.
2143 1347 2234 1374 ann.
2269 1336 2301 1382 1,
2327 1335 2418 1385 79.).

250 1412 390 1467 Ipsum
415 1416 551 1453 autem
579 1409 696 1451 Dioni
722 1409 964 1452 contrarium
996 1408 1184 1451 adfirmat
1199 1407 1409 1462 Appianus
1433 1408 1568 1462 (lllyr.
1586 1408 1682 1461 30.)‚
1709 1408 1777 1462 qui
1804 1422 1828 1450 a
1856 1407 2014 1451 Tiberio
2042 1409 2203 1451 demum
2225 1410 2420 1452 Moesiam

249 1488 494 1544 prouinciam
524 1500 616 1528 esse
639 1487 787 1528 factam
816 1493 964 1528 narrat.
1010 1486 1125 1533 Quae
1150 1499 1241 1528 cum
1271 1485 1328 1527 ita
1353 1485 1433 1526 sint
1461 1485 1510 1535 (si
1538 1485 1733 1528 Seuerum
1759 1485 1872 1526 illum
1901 1488 2075 1541 ἄρχοντα
2115 1488 2311 1542 adpellari
2331 1502 2420 1529 con-

250 1568 592 1616 siderauerimus),
620 1567 775 1617 legatos
806 1565 1058 1618 imperatoris
1088 1578 1209 1617 saepe
1239 1565 1278 1602 in
1308 1578 1378 1603 eas
1408 1574 1537 1603 terras
1564 1564 1705 1602 missos
1733 1577 1823 1602 esse
1844 1564 2038 1617 suspicor,
2070 1578 2172 1616 quae
2192 1579 2421 1618 quanquam

249 1646 424 1685 nondum
451 1645 663 1682 uniuersae
693 1643 896 1681 subiectae
925 1649 1081 1690 essent,
1122 1648 1257 1681 tamen
1288 1655 1358 1680 eas
1387 1643 1596 1681 subactum
1623 1641 1672 1679 iri
1698 1654 1812 1694 spem
1839 1642 2028 1681 facerent.
2084 1628 2237 1694 Itaque
2256 1643 2421 1696 scripto-

250 1737 328 1768 res,
366 1722 574 1775 paullatim
616 1721 885 1760 Romanorum
923 1720 1089 1773 imperio
1123 1719 1409 1766 inualescente,
1444 1732 1521 1758 non
1557 1719 1730 1758 dilucide
1769 1718 1875 1758 inter
1910 1720 2015 1759 hunc
2044 1720 2234 1772 illumque
2259 1703 2420 1759 ‘statum
2448 1724 2453 1728 '

249 1806 345 1854 puto
383 1798 628 1837 distinxisse.
653 1822 706 1826 —
737 1797 886 1837 Contra
925 1810 1059 1836 merae
1090 1796 1223 1835 Vellei
1255 1796 1536 1847 neglegentiae
1564 1796 1726 1836 uidetur
1753 1796 2026 1845 tribuendum,
2054 1797 2159 1848 quod
2188 1797 2422 1848 Commage-

249 1891 322 1917 nes
361 1876 511 1916 nullam
549 1875 791 1915 mentionem
830 1874 974 1914 iniecit.
1031 1873 1134 1913 Nam
1172 1873 1205 1913 si
1238 1887 1316 1913 non
1361 1873 1520 1926 propria
1549 1873 1747 1925 quaedam
1773 1873 1977 1929 prouincia
2006 1875 2113 1913 facta
2140 1879 2204 1913 est
2230 1876 2293 1926 (ut
2314 1874 2421 1914 Mar-

249 1954 459 2006 quardtius
491 1954 576 1991 174.
609 1966 662 1990 ex
693 1951 821 1990 Taciti
848 1965 937 1990 ann.
970 1952 1006 1998 2,
1031 1953 1083 1990 56
1111 1951 1213 1990 falso
1240 1950 1443 2000 conligere
1473 1950 1652 1997 uidetur,
1682 1952 1751 1988 cfr.
1776 1949 2044 2005 Nipperdeius
2059 1951 2111 1989 ad
2137 1951 2175 1989 h.
2193 1952 2217 1989 1.
2243 1965 2279 2005 p.
2305 1952 2420 2002 119.)‚

251 2034 374 2079 certe,
404 2031 614 2070 coniuncta
641 2043 732 2068 cum
750 2029 880 2081 Syria,
908 2028 1179 2067 Romanorum
1208 2028 1376 2080 imperio
1398 2033 1487 2065 erat
1515 2027 1704 2104 subieeta.
1763 2027 1903 2079 Neque
1932 2041 2028 2067 uero
2043 2028 2215 2081 alioquin
2240 2029 2420 2068 Velleius

249 2122 319 2147 eas
349 2112 480 2147 terras
509 2118 748 2145 enumerare
780 2105 945 2152 omittit,
989 2117 1091 2156 quae
1120 2118 1210 2143 cum
1235 2105 1323 2144 aliis
1354 2105 1587 2143 coniunctae
1614 2108 1707 2143 sunt
1730 2105 1861 2144 sactae
1892 2104 2186 2158 stipendiariae.
2236 2105 2418 2159 Namque

249 2185 409 2224 Aetolia
448 2196 651 2235 nunquam
688 2195 761 2235 per
799 2196 842 2218 se
882 2186 971 2219 erat
1007 2181 1228 2234 prouincia3
1271 2193 1498 2233 quanquam
1536 2192 1676 2219 uerum
1716 2185 1796 2229 est,
1835 2193 1869 2235 a.
1900 2182 1989 2221 565.
2020 2193 2110 2220 eam
2138 2194 2162 2221 a
2190 2182 2244 2221 M.
2276 2182 2419 2224 Fuluio

249 2262 395 2301 Flacco
432 2260 488 2299 ita
521 2272 611 2299 esse
649 2259 889 2306 subiectam,
928 2262 973 2297 ut
1001 2257 1273 2298 Romanorum
1312 2257 1522 2311 imperium
1557 2257 1888 2310 maiestatemque
1927 2270 2166 2298 conseruare
2205 2264 2419 2312 cogeretur

251 2338 351 2386 (Liu.
387 2338 451 2386 38,
486 2339 579 2389 11.)
685 2330 689 2334 ’

384 2415 540 2462 Quibus
585 2414 767 2454 omnibus
804 2413 1066 2454 consideratis
1103 2426 1179 2452 non
1208 2412 1379 2452 multum
1408 2411 1497 2451 huic
1525 2411 1818 2469 prouinciarum
1846 2414 2133 2454 enumerationi
2161 2415 2417 2456 tribuendum

249 2507 340 2534 esse
372 2493 488 2533 facile
518 2491 779 2544 intellegitur.

1296 2612 1406 2653 xvl.

385 2716 501 2757 Nunc
533 2716 585 2767 (2,
618 2717 700 2764 46.)
730 2714 912 2755 Velleius
948 2714 1093 2754 transit
1129 2727 1196 2764 eo,
1233 2717 1290 2762 ut,
1326 2726 1404 2768 quo
1438 2714 1554 2754 modo
1584 2713 1776 2754 societate
1804 2715 2018 2768 potentiae,
2056 2715 2162 2755 inter
2195 2716 2274 2756 ΠΙ.
2308 2717 2415 2758 uiros

249 2795 358 2844 inita,
398 2793 608 2848 paullatim
645 2792 841 2833 dissoluta
869 2792 922 2832 ad
965 2791 1114 2831 bellum
1143 2791 1258 2832 ciuile
1287 2794 1526 2845 peruentum
1555 2790 1619 2839 sit,
1648 2794 1837 2845 exponat.
1851 2777 1860 2782 ’
1889 2792 1997 2832 Ante
2026 2794 2163 2833 autem
2191 2807 2311 2846 quam
2338 2794 2417 2835 dis-

249 2873 495 2920 solueretur,
522 2870 658 2909 Lucae
695 2870 836 2909 foedus
873 2869 972 2908 illud
1000 2869 1268 2909 instauratum
1295 2881 1386 2906 esse
1414 2881 1492 2908 non
1516 2871 1656 2908 narrat
1683 2868 1803 2918 (IIII,
1837 2871 1925 2920 10.).
1978 2867 2071 2916 Qua
2098 2883 2142 2909 re
2167 2871 2319 2911 factum
2341 2874 2416 2921 est,

248 2953 294 2990 ut
319 2947 534 3002 Pompeius
564 2947 815 3000 Crassusque
843 2946 1095 2987 consulatum
1124 2945 1464 3000 adipiscerentur,
1507 2945 1598 2986 huic
1625 2944 1858 2986 Parthicum
1880 2946 2031 2988 bellum
2056 2947 2417 2989 administrandum

247 3026 520 3068 mandaretur.
587 3023 754 3067 Caesari
789 3023 913 3078 igitur
947 3023 1071 3064 ullam
1109 3037 1198 3064 cum
1235 3022 1425 3077 Pompeio
1463 3022 1689 3076 Crassoque
1724 3025 2038 3067 communionem
2069 3026 2194 3067 fuisse
2231 3030 2416 3079 negatur,

246 3116 378 3158 neque
415 3102 579 3158 petendi
614 3102 846 3143 consulatus
883 3100 1178 3142 inhonestitatis
1209 3101 1289 3152 (46,
1324 3101 1393 3152 1.),
1437 3113 1557 3154 quam
1584 3100 1802 3142 Boeclerus
1831 3102 1921 3145 909.
1951 3115 2006 3144 ex
2030 3103 2198 3145 factiosa
2224 3102 2414 3158 petitione

247 3181 407 3236 repetit,
438 3180 656 3234 quidquam
684 3180 738 3220 ad
766 3180 878 3219 illum
908 3179 1119 3219 redundat.
1175 3178 1319 3219 Fuisse
1348 3180 1483 3218 autem
1511 3178 1743 3233 petitionem
1771 3179 1860 3220 aliis
1887 3193 1967 3221 non
1992 3180 2314 3230 inhonestiorem,
2344 3193 2417 3235 per

247 3272 290 3297 se
321 3260 443 3313 patet.
496 3257 615 3304 Quod
642 3257 748 3297 enim
775 3256 819 3297 L.
851 3256 1069 3297 Domitium
1095 3255 1395 3311 competitorem
1424 3255 1547 3295 armis
1575 3255 1777 3310 repellunt
1814 3256 1934 3308 (Plut.
1963 3257 2099 3312 Pomp.
2130 3259 2204 3307 52,
2235 3259 2267 3298 1.
2309 3257 2413 3313 App.
