2709 3576
1313 95 1371 143 17

1306 208 1400 252 vn.

400 299 675 343 Gracchorum
707 299 851 341 seditio
887 313 912 340 a
939 298 1097 341 Velleio
1137 300 1195 341 ita
1226 302 1444 349 tractatur,
1489 303 1536 339 ut
1571 297 1657 338 sine
1684 297 1768 338 ullo
1798 296 1972 353 partium
1997 296 2129 336 studio
2156 299 2198 336 et
2226 295 2341 349 leges
2369 296 2421 335 ab

264 380 344 421 illis
373 379 478 420 latas
505 380 727 428 enumeret,
754 381 796 418 et
823 379 994 418 mortem
1016 390 1156 436 eorum
1182 377 1395 428 describat,
1423 377 1515 427 imo,
1540 390 1631 418 cum
1660 375 1797 432 plures
1828 377 1994 416 exstent
2009 373 2147 415 mortis
2170 372 2227 414 Ti.
2247 372 2421 416 Gracchi

265 453 576 510 descriptiones,
620 452 803 495 Velleius
837 454 969 495 minus
1003 454 1259 510 optimatibus
1294 453 1555 496 fauorabilem
1583 455 1746 493 secutus
1774 452 1934 493 uidetur
1961 464 2063 491 esse.
2120 450 2256 491 Mores
2285 454 2419 491 autem

265 531 547 585 ingeniumque
584 530 792 585 utriusque
818 530 992 574 Gracchi
1024 531 1178 572 meritis
1211 531 1396 572 laudibus
1425 531 1686 572 extolluntur.
1746 530 1900 570 Deinde
1929 528 1986 569 Ti.
2023 528 2252 571 Gracchum
2283 530 2422 568 narrat

267 610 448 650 omm'bus
478 609 630 650 Italicis
665 609 870 651 ciuitatem
906 621 996 649 esse
1033 608 1254 664 pollicitum
1279 609 1540 662 agrariasqne
1566 608 1680 660 leges
1707 608 1865 658 tulisse,
1906 607 2079 648 omnium
2103 610 2253 647 statum
2282 587 2422 646 concu-

266 687 422 728 tientes.
463 687 644 734 Quorum
668 687 768 727 illud
795 689 936 741 postea
964 686 1221 727 confirmatur
1248 686 1299 738 (2.
1317 687 1354 735 6,
1369 686 1434 738 2),
1462 685 1530 726 ubi
1556 685 1696 735 Gaius,
1723 685 1842 738 longe
1871 685 2021 726 maiora
2049 689 2090 725 et
2118 684 2273 725 acriora
2294 683 2421 724 fratre

267 767 467 821 repetens,
497 765 678 805 omm'bus
706 764 858 805 Italicis
887 764 986 805 dare
1009 763 1212 805 ciuitatem
1240 765 1459 819 temptasse
1488 764 1643 804 dicitur.
1687 762 1768 804 Sed
1795 763 1905 803 illam
1931 756 2064 816 legem
2092 775 2189 802 uere
2216 775 2240 802 a
2263 760 2420 802 Tiberio

266 842 391 883 latam
417 854 509 881 esse
535 853 665 894 neque
689 841 797 881 1111118
824 841 927 882 alius
953 854 1088 881 rerum
1115 841 1286 895 scriptor
1314 844 1608 890 commemorat,
1636 853 1765 894 neque
1792 841 1947 880 omnino
1973 840 2178 895 probabile
2195 843 2269 888 681,
2297 839 2421 878 1316111

267 917 389 957 totius
423 916 665 972 reipublicae
703 916 1003 957 conuersionem
1035 929 1128 956 eum
1163 916 1376 972 adpetisse.
1433 917 1516 958 Sed
1546 930 1637 956 cum
1665 917 1789 956 semel
1817 917 1885 957 illa
1911 917 1962 956 de
1993 917 2154 956 ciuitate
2180 916 2249 955 lex
2275 915 2420 955 cotidie

267 995 346 1035 illis
383 995 628 1050 temporibus
665 995 872 1035 imminere
906 995 1135 1044 uideretur,
1185 1008 1353 1048 cumque
1388 996 1474 1035 iure
1516 995 1632 1035 sociis
1676 996 1877 1035 ciuitatem
1913 995 2108 1048 denegari
2142 1008 2220 1034 non
2250 994 2420 1048 amplius

267 1085 405 1128 posse,
442 1074 493 1113 ab
530 1073 711 1113 omnibus
744 1072 1066 1125 intellegeretur,
1112 1072 1211 1112 illud
1247 1059 1376 1127 ipsum
1410 1085 1548 1113 omnes
1574 1086 1768 1113 nouarum
1798 1086 1932 1111 rerum
1958 1073 2156 1112 studiosos
2185 1072 2314 1111 moliri
2342 1084 2421 1110 non

268 1150 410 1190 iniuria
437 1149 752 1204 suspicabantur.
781 1173 836 1180 —
858 1148 983 1189 Porro
1010 1149 1084 1189 hac
1111 1150 1152 1189 in
1178 1150 1404 1190 narratione
1434 1149 1618 1189 Velleius
1645 1163 1722 1189 non
1750 1150 1945 1198 distinxit,
1976 1150 2036 1189 bis
2064 1149 2222 1189 comitia
2250 1149 2300 1187 de
2329 1149 2419 1201 lege

267 1226 428 1281 agraria
455 1225 591 1267 habita
617 1238 707 1266 esse
734 1226 811 1276 ita,
841 1228 887 1266 ut
908 1225 1104 1281 prioribus
1134 1225 1325 1267 Octauius
1360 1226 1652 1276 intercederet,
1681 1226 1863 1266 Tiberius
1892 1239 1977 1266 rem
2006 1226 2161 1266 senatui
2189 1226 2319 1266 denuo
2349 1237 2419 1263 ex-

268 1306 454 1359 poneret,
502 1304 553 1345 ab
598 1315 723 1357 eoque
760 1303 947 1359 repulsus
978 1303 1156 1344 tenacior
1192 1303 1313 1344 etiam
1349 1303 1541 1359 propositi
1562 1303 1697 1344 fieret:
1744 1303 1882 1344 alteris
1911 1306 2045 1344 autem
2073 1303 2243 1358 primum
2271 1303 2321 1341 de
2353 1302 2420 1341 tri·

268 1382 374 1423 buno
411 1381 464 1437 pl.
504 1383 641 1422 contra
676 1381 800 1437 ipsius
826 1380 955 1436 plebis
984 1381 1190 1421 commoda
1219 1377 1314 1434 quid
1341 1381 1569 1422 molientem
1597 1381 1667 1420 lex
1691 1381 1846 1435 perlata
1875 1383 1958 1430 681,
1988 1381 2132 1421 deinde
2160 1381 2229 1421 lex
2259 1380 2420 1433 agraria

268 1459 510 1501 confirmata.
555 1458 640 1511 (cfr.
666 1456 906 1508 Nitzschius,
934 1456 1107 1500 Gracchi
1137 1457 1281 1511 (Berol.
1306 1458 1434 1510 1847.)
1462 1473 1500 1514 p.
1529 1458 1749 1510 307-310)
1807 1457 1940 1499 Tiberi
1963 1458 2026 1499 hic
2052 1459 2187 1500 statim
2215 1472 2322 1499 mors
2352 1471 2419 1498 ne-

268 1535 568 1590 glegentissime
610 1535 850 1589 adiungitur.
918 1534 1029 1589 Lege
1066 1535 1171 1576 enim
1199 1536 1357 1589 agraria
1383 1535 1465 1578 lata
1492 1535 1544 1577 de
1572 1548 1672 1589 agro
1699 1535 1948 1589 Pergameno
1976 1536 2244 1577 dissensiones
2275 1535 2420 1576 iterum

269 1615 380 1653 ortae
394 1616 498 1652 sunt.
532 1611 672 1664 Neque
689 1625 786 1652 uero
802 1612 1026 1665 optimates,
1055 1626 1132 1664 quo
1145 1612 1275 1652 minus
1292 1613 1360 1652 lex
1376 1613 1536 1665 agraria
1554 1613 1788 1661 sanciretur,
1807 1613 2001 1666 impedire
2017 1613 2147 1653 conati
2167 1618 2271 1661 811111,
2304 1612 2420 1652 sicuti

268 1704 323 1729 ex
351 1689 484 1728 Vellei
511 1690 562 1741 (2.
586 1690 624 1739 3,
645 1691 694 1740 1.)
721 1689 949 1729 narratione
978 1689 1123 1742 conligi
1147 1689 1284 1743 possit,
1305 1690 1377 1730 sed
1400 1704 1477 1742 quo
1504 1690 1636 1729 minus
1665 1689 1848 1729 Tiberius
1877 1690 2050 1730 alterum
2076 1690 2321 1729 tribunatum
2352 1689 2421 1728 ad-

268 1770 515 1820 sequeretur.
572 1767 826 1819 Quamquam
851 1769 987 1807 autem
1009 1765 1197 1807 Nasicam
1218 1767 1381 1807 summis
1408 1767 1595 1807 laudibus
1620 1767 1749 1817 effert,
1780 1772 1915 1807 tamen
1943 1781 2045 1820 quae
2074 1767 2125 1806 de
2153 1767 2325 1808 Gracchi
2364 1766 2419 1805 in-

268 1844 502 1885 terfectione
531 1845 657 1884 refert
683 1845 803 1897 longe
826 1844 1005 1898 turpiora
1019 1847 1113 1884 sunt
1131 1844 1338 1894 nobilitati,
1363 1858 1480 1897 quam
1501 1857 1605 1898 quae
1622 1844 1863 1884 Plutarchus
1880 1849 1922 1884 61
1936 1844 2154 1898 Appianus.
2179 1843 2420 1896 (Xitzschius

268 1922 376 1973 439.)
405 1920 646 1962 Plutarchus
670 1921 775 1961 enim
796 1924 937 1963 narrat
959 1920 1032 1975 (Ti.
1057 1922 1131 1963 16-
1145 1922 1234 1974 19.),
1260 1920 1472 1972 Tiberium,
1498 1922 1567 1964 ubi
1595 1922 1741 1963 certior
1768 1923 1898 1963 sactus
1926 1926 2046 1967 esset,
2076 1924 2280 1962 senatores
2296 1919 2420 1960 inuit-o

269 1999 431 2040 consule
458 1998 539 2050 (18,
561 1999 614 2050 2.)
641 1999 772 2053 ipsum
793 1998 1018 2040 interficere
1046 1999 1166 2049 uelle,
1194 2012 1238 2039 86
1269 2003 1310 2039 61
1331 2000 1476 2040 amicos
1506 2000 1741 2049 armauisse,
1766 2003 1811 2040 ut
1837 1999 1915 2039 illis
1944 2000 2160 2039 resisteret.
2213 1998 2420 2052 Appianus

269 2074 328 2129 (B.
358 2074 401 2117 C.
435 2076 469 2126 1,
498 2076 573 2126 15.)
603 2074 805 2116 Tiberium
840 2075 881 2116 in
917 2075 1084 2117 comitiis
1112 2075 1273 2129 signum
1308 2076 1403 2117 facit
1435 2076 1609 2117 dantem.
1667 2076 1757 2123 Quo
1779 2076 1885 2118 facto
1914 2076 2048 2117 statim
2073 2075 2322 2130 optimatium
2353 2073 2421 2115 ad-

270 2153 400 2194 seclas
426 2153 619 2206 expulsos
647 2166 749 2193 esse.
798 2153 873 2193 His
903 2153 1083 2194 omnibus
1114 2153 1164 2193 de
1192 2154 1314 2194 rebus
1340 2154 1380 2193 in
1405 2158 1589 2194 neutram
1619 2157 1775 2208 partem
1801 2154 2016 2207 quidquam
2033 2154 2226 2195 Velleius.
2272 2152 2422 2193 Contra

268 2229 529 2289 Plutarchus,
567 2229 740 2282 alioquin
767 2229 1048 2270 fauorabiliora
1075 2229 1258 2271 Graccho
1285 2232 1471 2280 na‘rranS,
1508 2230 1749 2283 (Nitzschius
1778 2233 1885 2282 440.)
1913 2230 2084 2272 Nasicae
2114 2233 2263 2273 factum
2292 2234 2421 2274 minus

268 2309 387 2361 turpe
414 2306 538 2346 fuisse
568 2306 767 2365 describit.
826 2305 931 2346 Nam
958 2306 998 2346 in
1025 2306 1198 2356 Senatu,
1238 2320 1317 2360 quo
1345 2307 1542 2361 perlatum
1571 2311 1697 2357 esset,
1728 2307 1955 2349 Gracchum
1984 2309 2211 2349 adfectasse
2240 2324 2420 2363 regnum,

269 2381 349 2436 (ὅτι
378 2382 503 2433 αὐτὸς
532 2384 679 2426 {autor
714 2388 753 2432 ἐς
784 2383 825 2425 τὸ
857 2387 1001 2437 μέλλων
1028 2386 1239 2438 δήμαρχον
1270 2385 1368 2427 ἄνευ
1398 2392 1648 2438 χειροτονίας
1677 2385 1916 2436 ἀποφαίνει)
1946 2387 2149 2426 censuisse
2177 2401 2269 2426 eum
2297 2389 2422 2427 refert

269 2460 351 2514 (19,
383 2460 457 2510 3.):
494 2459 660 2500 uideant
695 2459 880 2500 consules
917 2462 1211 2514 tyrannumque
1241 2460 1469 2512 tollant12).
1523 2460 1597 2503 Cui
1625 2474 1715 2502 cum
1743 2462 1881 2502 consul
1908 2462 2130 2516 pariturum
2160 2477 2203 2502 86
2235 2478 2324 2504 esse
2354 2477 2420 2503 ne-

268 2536 397 2591 garit,
433 2535 580 2576 Nasica
617 2537 841 2590 ceterique,
870 2537 1042 2577 fustibus
1079 2538 1234 2587 armati,
1260 2537 1487 2579 Gracchum
1514 2539 1728 2579 trucidant.
1785 2539 1928 2593 Itaque
1956 2539 2103 2580 Nasica
2130 2555 2208 2580 non
2233 2542 2342 2595 prius
2373 2556 2421 2582 63

269 2627 373 2667 quae
395 2615 501 2654 bona
530 2627 620 2653 esse
648 2614 766 2653 duxit
790 2615 1060 2668 perpetrauit,
1087 2628 1207 2668 quam
1236 2616 1385 2665 consul,
1412 2615 1479 2668 qui
1502 2617 1719 2656 tumultum
1748 2622 1884 2671 posset
1912 2618 2104 2668 inhibere,
2135 2620 2230 2657 nihil
2258 2620 2421 2659 uiolenti

269 2702 314 2730 se
341 2690 542 2731 factunm
567 2704 671 2740 esse,
697 2692 831 2745 palam
858 2692 1064 2745 professus
1090 2694 1165 2731 est.
1193 2691 1432 2744 (Nitzschius
1460 2679 1550 2734 3'26.
1581 2692 1764 2742 Peterus,
1793 2693 1844 2733 H.
1865 2694 1913 2733 R.
1937 2696 1974 2742 2,
2007 2693 2082 2744 16.)
2142 2697 2289 2737 Contra
2314 2698 2420 2751 apud

269 2765 469 2806 Velleium
498 2767 644 2807 Nasica
669 2768 793 2818 nulla,
824 2771 870 2808 ut
897 2768 1069 2818 uidetur,
1096 2770 1265 2821 cogente
1293 2768 1530 2809 necessitate
1559 2770 1695 2809 statim
1722 2771 1762 2809 in
1792 2770 1997 2810 Grachum
2027 2772 2186 2824 ingruit.

403 2843 532 2884 Multo
560 2844 682 2884 etiam
707 2845 839 2900 minus
866 2845 1048 2885 ordinata
1075 2848 1168 2884 sunt
1195 2858 1265 2895 ea,
1296 2859 1397 2899 quae
1423 2845 1603 2885 Velleius
1634 2847 1684 2885 de
1714 2846 1790 2887 Gai
1819 2847 2084 2887 tribunatibus
2113 2850 2246 2889 refert.
2305 2850 2420 2890 Tam-

269 2920 346 2962 etsi
381 2932 510 2975 paene
544 2921 755 2962 ridiculum
790 2922 970 2981 uidetur,
999 2935 1103 2973 eum,
1135 2923 1240 2977 quod
1268 2923 1358 2964 dolo
1387 2922 1491 2963 malo
1523 2923 1603 2964 alia
1631 2936 1728 2964 uera
1748 2936 1838 2963 6886
1868 2925 2050 2975 senserit,
2083 2926 2161 2967 alia
2194 2928 2421 2969 narrauerit

270 3010 452 3052 arguere.
485 2996 727 3050 (Nitzschius
744 3000 851 3051 452.)
909 2999 1087 3041 Primum
1114 3000 1231 3051 6111111,
1259 3000 1481 3054 quicunque
1501 2999 1634 3041 Vellei
1666 3001 1963 3054 neglegentiam
1994 3004 2236 3055 cognouerit,
2266 3004 2421 3045 intelle-

268 3078 359 3130 get,
397 3075 452 3116 nil
485 3075 523 3115 ei
548 3089 638 3116 esse
668 3076 876 3127 usitatius,
911 3091 1031 3131 quam
1063 3092 1166 3132 quae
1199 3081 1378 3132 tempore
1415 3077 1547 3131 priora
1575 3082 1667 3118 sunt
1695 3083 1942 3132 postponere.
2001 3079 2155 3120 Deinde
2186 3095 2276 3121 cum
2308 3082 2421 3135 leges

411 3202 464 3244 ¹²)
491 3201 601 3235 Verba
631 3202 706 3246 ipsa
739 3202 916 3237 Plutarchi
952 3203 1125 3238 adscribo:
1163 3202 1231 3237 τὸν
1263 3201 1402 3236 ὕπατον
1434 3204 1478 3250 τῇ
1514 3201 1618 3236 πόλει
1649 3202 1801 3247 βοηθεῖν
1831 3206 1889 3235 καὶ
1922 3202 2112 3237 καταλύειν
2140 3205 2208 3240 τὸν
2231 3206 2412 3254 τύραννον

269 3260 360 3293 Nam
384 3259 624 3292 Mommsenius
650 3262 689 3301 2,
716 3262 771 3293 88.
805 3260 887 3293 haee
919 3262 969 3294 ita
1001 3267 1132 3295 uertere
1166 3273 1232 3295 non
1271 3262 1460 3296 dubitauit:
1498 3262 1705 3305 perduellem
1743 3262 1900 3295 continuo
1941 3274 2014 3297 esse
2052 3264 2336 3303 interficiendum
2363 3267 2422 3300 der

269 3316 507 3351 hoctun-ster
531 3321 655 3352 miisste
675 3320 783 3353 soson-t
809 3321 940 3362 getfitet
961 3321 1112 3354 werden!

2117 3382 2140 3421 3
