2709 3576
1329 52 1398 112 ,40

1314 252 1429 296 m

398 351 487 394 Iam
515 351 672 392 reditur
699 350 752 392 ad
781 350 1008 393 coniuratos
1036 351 1088 404 (2.
1119 351 1193 401 69,
1226 352 1258 392 1.
1289 351 1331 403 Ι,
1362 352 1438 403 3.),
1470 351 1539 406 qui
1564 354 1694 394 totum
1721 352 1879 395 interea
1904 343 2100 396 orientem
2130 338 2435 410 occupauerant.

261 429 366 472 Nam
395 427 607 470 Dolabella
635 442 660 469 a
687 416 828 470 Cassio
856 428 944 469 siue
969 428 1205 470 interfectus
1232 430 1317 479 est,
1347 429 1434 469 siue
1462 442 1507 469 se
1535 429 1764 471 interficere
1782 429 1969 472 'coactus''
1984 423 2103 488 (App.
2133 431 2185 483 4,
2199 430 2253 481 62
2280 447 2318 489 p.
2342 423 2433 476 611.

261 507 337 548 Dio
364 507 429 557 47,
455 506 547 557 30),
576 504 756 560 prodita,
790 504 912 558 quod·
936 519 1016 546 non
1042 505 1139 546 dicit
1167 504 1370 556 Velleius,
1408 505 1608 549 Laodicea
1635 507 1755 564 (App.
1783 510 1822 558 4,
1850 507 1903 550 62
1934 522 1971 564 p.
1996 509 2098 551 mo.
2124 510 2162 562 5,
2192 512 2217 552 4
2245 524 2283 566 p.
2314 510 2433 564 ⁷16.)

260 584 413 625 Brutus
447 587 584 624 autem
613 582 822 623 Vatinium
857 582 1017 636 adegit,
1055 585 1100 623 ut
1133 582 1275 622 uolens
1311 583 1387 638 ipsi
1425 584 1606 637 legiones
1641 585 1844 636 traderet,
1887 585 1931 626 L.
1963 581 2135 638 Antoni,
2162 595 2300 643 pugna
2325 588 2434 639 uicti,

262 662 488 702 exercitum
528 660 742 701 clementia
776 660 828 700 ad
860 673 905 700 se
941 660 1145 716 perduxit.
1212 659 1334 701 Falso
1372 661 1498 715 igitur
1527 661 1710 703 Velleius
1740 662 1793 716 (2.
1825 659 1890 714 69¹,
1918 663 1974 716 3.)
2000 663 2176 719 priorem
2203 653 2433 717 Antonium,

261 739 407 778 deinde
436 737 644 777 Vatinium
683 737 879 776 transisse
917 742 1058 777 narrat
1084 738 1169 789 (cfr.
1200 736 1275 776 Dio
1296 739 1362 787 47,
1386 739 1449 777 21.
1480 738 1650 793 Appian.
1678 740 1716 789 4,
1746 739 1837 790 75.).
1895 738 2021 781 Porro
2053 740 2217 791 omittit,
2255 741 2434 783 coniura-

261 817 323 856 tos
341 815 541 869 Smyrnae
571 812 819 862 conuenisse,
851 818 899 853 ut
926 826 1004 867 quo
1022 813 1139 854 modo
1157 812 1309 854 bellum
1339 813 1565 867 gerendum
1595 816 1705 856 esset
1732 814 2017 871 disceptarent,
2046 815 2240 872 Cassique
2267 818 2433 860 tandem

262 892 438 932 ualuisse
468 891 722 939 sententiam,
745 890 813 942 qui
842 889 997 939 Asiam,
1024 890 1087 930 hic
1110 890 1191 930 illio
1218 890 1341 931 etiam
1367 894 1463 931 tunc
1492 891 1698 941 rebellem,
1726 892 1993 945 subigendam
2011 906 2102 934 esse
2118 897 2315 945 censeret,
2341 909 2432 936 cum

262 969 413 1009 Brutus
440 967 601 1009 Graeca
628 967 780 1007 Adriae
815 966 950 1007 littora
986 966 1173 1021 occupari
1209 967 1336 1007 uellet
1365 967 1485 1022 (App.
1516 970 1562 1017 4,
1595 968 1658 1008 64.
1688 967 1763 1009 Dio
1792 970 1866 1020 47,
1891 970 1954 1012 32.
1983 969 2088 1010 Plut.
2119 970 2233 1012 Brut.
2264 972 2334 1022 30,
2366 973 2430 1025 1.).

263 1046 328 1087 Ita
357 1047 505 1087 factum
533 1048 608 1094 est,
635 1049 680 1086 ut
707 1044 872 1086 Cassius
897 1043 1085 1085 Rhodum
1114 1044 1332 1086 obsideret.
1378 1044 1512 1093 Quam
1548 1046 1688 1086 urbem
1724 1046 1873 1090 inmani
1911 1060 2032 1102 opere
2062 1060 2155 1088 eum
2183 1049 2350 1103 cepisse,
2378 1049 2430 1089 de

262 1101 387 1178 capta·
408 1122 719 1163 clementissime
750 1121 995 1177 disposuisse
1022 1121 1205 1162 Velleius
1233 1122 1329 1163 dicit
1358 1123 1397 1176 (ξ
1420 1123 1484 1174 6.).
1541 1122 1622 1164 Sed
1650 1122 1849 1177 proditam
1876 1125 2017 1165 urbem
2044 1138 2147 1174 esse,
2175 1138 2230 1165 ex
2249 1125 2432 1180 Appiano

263 1203 301 1250 4,
331 1200 393 1241 72.
423 1199 787 1254 probabilissimum
815 1202 889 1239 est.
946 1198 1088 1252 Neque
1124 1213 1222 1240 uero
1255 1199 1469 1240 clementia
1497 1200 1611 1241 Cassi
1648 1200 1769 1241 nimia
1794 1200 1879 1241 fuit.
1934 1200 2176 1254 Quanquam
2205 1201 2310 1242 enim
2338 1202 2432 1242 diri-

262 1291 359 1332 pere
386 1279 529 1317 urbem
555 1276 747 1317 militibus
769 1290 848 1317 non
876 1275 1070 1330 permisit,
1101 1280 1236 1316 tamen
1265 1275 1554 1330 quinquaginta
1581 1277 1690 1318 uiros
1716 1290 1904 1332 proceres
1930 1258 2100 1317 interfici
2127 1278 2253 1328 iussit,
2281 1282 2323 1319 et
2350 1292 2431 1318 om-

263 1368 355 1395 nem
377 1369 432 1394 ex
459 1355 620 1409 templis
648 1355 859 1408 pecuniam
888 1354 1055 1394 abstulit
1086 1354 1208 1407 (App.
1238 1355 1275 1402 4,
1309 1355 1360 1395 73
1391 1368 1427 1408 p.
1458 1355 1547 1395 625.
1581 1354 1838 1395 Drumannus
1865 1355 1902 1404 2,
1939 1355 2016 1396 136
2032 1357 2123 1406 ²⁶¹.).

396 1431 563 1485 Pugnae
602 1432 676 1472 has
707 1445 773 1471 res
800 1431 1079 1485 Philippenses
1108 1431 1314 1471 insecutae
1338 1435 1452 1480 sunt,
1496 1432 1563 1471 ubi
1589 1431 1780 1472 coniurati
1809 1432 1903 1472 uicti
1936 1433 2018 1472 suis
2046 1432 2229 1472 manibus
2256 1433 2430 1487 plerum-

260 1523 338 1563 que
367 1487 605 1564 perierunt?
642 1508 788 1549 Partes
813 1522 912 1548 uero
939 1508 1014 1548 hac
1037 1508 1077 1547 in
1105 1521 1241 1561 pugna
1267 1521 1437 1559 magnas
1465 1508 1693 1561 uirtuteque
1722 1509 1956 1563 conspicuas
1983 1509 2194 1550 Octauiani
2219 1510 2344 1550 fuisse
2372 1510 2427 1550 ita

261 1589 385 1639 negat
413 1586 596 1626 Velleius
626 1587 678 1636 (2.
696 1586 759 1634 70,
789 1587 853 1637 1.),
882 1588 927 1624 ut
955 1585 1161 1625 adfirmari
1195 1588 1325 1638 putes.
1386 1584 1559 1624 Videtur
1587 1578 1692 1624 enim
1721 1585 1968 1626 Octauianus
1997 1600 2157 1640 pugnae
2187 1600 2284 1626 uere
2310 1588 2431 1627 inter-

260 1664 406 1712 fuisse,
448 1676 677 1716 quanquam
706 1662 894 1702 Actorius
930 1662 1109 1702 medicus
1145 1676 1195 1702 ne
1224 1661 1369 1702 castris
1403 1663 1623 1702 excederet
1650 1676 1742 1702 eum
1767 1665 1917 1704 orabat.
1975 1664 2032 1703 At
2059 1664 2242 1716 quamuis
2279 1664 2427 1704 falsum

259 1742 328 1790 sit,
367 1740 635 1781 Octauianum
662 1739 889 1793 Dyrrhachi
916 1743 1081 1793 propter
1110 1739 1328 1779 aduersam
1356 1739 1628 1779 ualetudinem
1659 1740 1901 1780 remansisse
1931 1739 2024 1789 (Dio
2054 1741 2119 1790 47,
2147 1741 2251 1792 32),
2293 1744 2429 1781 tamen

259 1832 372 1867 eum,
412 1819 561 1859 mum'a
598 1817 722 1858 ducis
759 1817 799 1856 in
828 1817 979 1870 praelio
1008 1830 1087 1856 non
1112 1816 1264 1865 obisse,
1305 1829 1444 1855 omnes
1466 1830 1544 1856 uno
1572 1829 1641 1856 ore
1669 1817 1921 1857 consentiunt
1950 1818 2071 1871 (App.
2100 1819 2137 1866 4,
2166 1820 2240 1858 110
2268 1832 2305 1871 p.
2335 1818 2424 1858 674.

258 1894 362 1935 Plut.
394 1894 506 1934 Brut.
536 1896 609 1941 41,
644 1895 777 1944 1⁴⁹».
837 1893 1088 1934 Mortuorum
1129 1898 1265 1933 autem
1292 1893 1409 1933 Cassi
1442 1897 1483 1932 et
1510 1893 1625 1933 Bruti
1659 1894 1841 1945 ingenia,
1878 1894 2036 1934 etiamsi
2062 1895 2281 1934 temeritati
2310 1895 2430 1933 inter-

258 1971 352 2012 fecti
367 1970 555 2013 Caesaris
584 1984 722 2010 omnes
750 1984 887 2010 eorum
918 1970 1089 2010 uirtutes
1119 1970 1275 2011 ablatas
1304 1984 1395 2009 esse
1423 1975 1573 2018 censet,
1597 1983 1675 2009 non
1704 1969 1788 2009 sine
1812 1971 2033 2022 sagacitate
2052 1970 2426 2023 quadamVelleius

258 2048 450 2089 diiudicat
473 2048 526 2099 (2.
558 2048 622 2097 72,
661 2049 670 2088 1
708 2053 750 2088 et
776 2047 845 2102 2.).

400 2124 498 2165 Post
527 2138 703 2180 pugnam
731 2123 1029 2179 Philippensem
1065 2123 1241 2164 Velleius
1271 2124 1401 2177 magis
1429 2124 1637 2178 magisque
1667 2137 1714 2165 eo
1743 2124 1941 2174 deflectit,
1978 2128 2022 2165 ut
2050 2125 2090 2165 in
2120 2126 2241 2166 rebus
2270 2128 2428 2166 tantum

257 2206 308 2246 ab
337 2204 558 2246 Octauiano
604 2204 731 2256 gestis
766 2203 1003 2244 enarrandis
1040 2203 1188 2243 diutius
1222 2207 1509 2252 commoretur,
1553 2208 1709 2244 ceteros
1746 2202 1948 2255 neglegat.
2006 2202 2171 2255 Itaque,
2201 2217 2304 2256 quae
2332 2207 2425 2245 ante

256 2283 399 2323 foedus
427 2281 699 2322 Brudusinum
730 2281 928 2321 Antonius
963 2281 1004 2320 in
1033 2281 1198 2320 Oriente
1238 2281 1345 2329 fecit,
1381 2293 1460 2320 non
1498 2283 1870 2320 commemorantur.
1930 2281 2080 2321 Contra
2110 2281 2216 2333 quod
2261 2280 2426 2322 Caesari

254 2361 430 2402 instabat
458 2359 609 2401 bellum
637 2358 877 2399 Perusinum
902 2357 1030 2398 fusius
1059 2357 1309 2398 describitur.
1373 2356 1566 2398 Attamen
1594 2357 1690 2410 quid
1717 2356 1887 2399 Fuluiae
1916 2359 1958 2398 et
1982 2356 2026 2398 L.
2057 2357 2230 2399 Antonio
2257 2371 2424 2400 caussae

253 2437 377 2478 suerit
414 2437 509 2477 belli
544 2442 684 2477 contra
712 2435 980 2481 Octauianum
1017 2434 1146 2474 ciendi
1184 2448 1263 2474 non
1292 2434 1476 2488 exponit,
1523 2434 1599 2497 nisi
1625 2435 1733 2487 quod
1763 2434 1981 2475 Antonium
2008 2434 2134 2478 omnis
2163 2435 2323 2476 uirtutis
2353 2448 2425 2476 ex·

254 2521 411 2569 pertem
440 2514 577 2562 fuisse,
604 2513 659 2552 nil
689 2513 884 2552 muliebre
911 2515 1073 2566 praeter
1101 2525 1244 2565 corpus
1267 2511 1453 2551 Fuluiam
1477 2511 1653 2563 gessisse
1681 2511 1777 2551 dicit
1807 2512 1887 2561 (73,
1909 2512 1966 2563 2.)
1987 2513 2066 2562 ⁵⁰).
2114 2511 2273 2551 Bellum
2288 2515 2423 2552 autem

254 2592 424 2647 primum
455 2591 701 2645 improspere
731 2603 755 2630 a
786 2590 962 2631 Caesare
993 2594 1152 2641 gestum
1182 2592 1257 2639 est,
1286 2588 1327 2627 id
1354 2588 1459 2641 quod
1488 2590 1597 2629 tacet
1625 2588 1817 2629 Velleius.
1888 2588 1992 2629 Nam
2020 2588 2150 2629 Roma
2172 2588 2223 2629 ab
2251 2588 2424 2630 Antonio

254 2668 411 2724 capitur
440 2651 560 2722 (App.
587 2669 630 2716 5,
660 2668 755 2718 30.).
829 2666 985 2706 Deinde
1020 2679 1098 2706 non
1135 2664 1501 2716 uirtuteACaesaris
1540 2666 1623 2716 (74,
1652 2667 1732 2719 4.),
1775 2665 1849 2706 sed
1884 2666 1989 2706 fame
2029 2667 2191 2706 coactus
2226 2665 2423 2707 Antonius

252 2747 462 2786 Perusiam
491 2746 615 2786 tradit
634 2747 700 2794 ⁵¹)
734 2745 854 2800 (App.
884 2746 922 2793 5,
951 2745 1047 2794 46.).
1104 2745 1197 2784 Sine
1236 2743 1357 2783 dubio
1394 2746 1528 2783 autem
1556 2743 1703 2784 falsum
1728 2746 1812 2793 est,
1850 2744 1956 2796 quod
1983 2743 2166 2783 Velleius
2195 2743 2236 2783 in
2264 2742 2423 2785 Perusi-

399 2850 454 2889 ⁴⁹)
488 2850 701 2881 Drumannus
729 2850 761 2889 2,
791 2849 906 2881 142Η
936 2846 1115 2880 absurdam
1149 2847 1232 2881 dicit
1257 2858 1331 2880 esse
1355 2847 1451 2880 illam
1479 2847 1520 2880 de
1547 2846 1675 2880 medico
1700 2847 1867 2880 insomnio
1888 2847 2071 2880 conterrito
2098 2847 2267 2880 fabellam.
2317 2850 2363 2881 At
2387 2850 2421 2880 et

251 2907 427 2951 Appianus
454 2912 487 2941 et
513 2907 716 2941 Plutarchus
742 2918 777 2940 se
802 2917 841 2939 ex
868 2906 1046 2939 Octauiani
1072 2905 1322 2940 commentariis
1347 2916 1417 2939 rem
1445 2906 1599 2939 hausisse
1626 2904 1815 2939 adfirmant.

400 2966 454 3007 ⁵⁰)
483 2968 554 3000 Nec
588 2968 788 3009 „ithituta‘⁴
821 2976 980 3009 agrorum
1007 2964 1132 2999 diuisio
1157 2976 1232 2999 eum
1259 2964 1462 2999 Ruhnkenio
1486 2964 1666 3008 legendum
1692 2963 1845 3006 uidetur,
1878 2975 1938 2998 nee
1965 2967 2024 3007 „in
2049 2967 2140 3000 ἐκώ*
2166 2975 2241 2999 cum
2267 2964 2419 3010 Sauppio

255 3029 319 3060 166
333 3037 377 3066 n.,
402 3031 460 3057 seu
486 3028 620 3064 „iusta‘·
650 3025 874 3058 retinendum.
926 3024 1105 3057 veteranis
1128 3025 1218 3057 enim
1245 3034 1344 3066 agros
1370 3023 1541 3065 adsignari
1565 3033 1698 3056 neeesse
1721 3028 1804 3064 erat,
1833 3028 1933 3067 atque
1948 3024 2164 3064 Octauianus,
2193 3030 2232 3057 ut
2259 3024 2418 3058 damnum

250 3090 414 3127 quantum
440 3090 554 3126 posset
580 3084 652 3115 ficri
678 3083 824 3115 dominis
849 3083 1095 3122 restitueretur,
1123 3094 1259 3125 operam
1285 3082 1400 3114 dabat.
1425 3085 1511 3124 App.
1538 3085 1572 3123 5,
1605 3084 1656 3116 13.
1685 3082 1858 3114 Hoeekius
1887 3086 1916 3119 1,
1943 3085 2022 3115 246.

390 3142 445 3183 ³¹)
474 3143 544 3176 Nec
570 3142 708 3176 Asinius
741 3152 800 3175 nee
832 3141 919 3175 alius
946 3140 1073 3174 Antoni
1106 3141 1233 3174 amicus
1264 3138 1394 3173 auxilio
1419 3140 1523 3173 uenit.
1552 3160 1595 3166 —
1624 3140 1688 3173 Ille
1724 3151 1808 3183 quae
1829 3140 1916 3174 cirea
1942 3141 2122 3175 Althiuum
2150 3140 2319 3185 praeclare
2344 3149 2419 3180 ges-

251 3200 331 3233 serit
358 3201 413 3243 (V.
444 3202 476 3236 2.
503 3202 558 3242 76,
577 3201 636 3243 2.),
662 3210 760 3234 nemo
784 3199 932 3244 exponit.
960 3199 1175 3233 Drumannus
1200 3201 1234 3240 4,
1261 3199 1325 3232 561
1346 3196 1397 3232 ¹⁵.
1428 3202 1456 3240 1,
1485 3199 1597 3235 413⁸.
1648 3199 1775 3233 Contra
1798 3209 1864 3233 non
1888 3198 1938 3233 ita
1966 3198 2105 3233 honeste
2131 3197 2314 3233 Patauinos
2339 3207 2418 3231 eum

251 3259 399 3299 torsisse,
425 3259 536 3292 elucet
561 3270 578 3292 c
607 3259 756 3292 Macrobi
783 3259 853 3292 Sat.
878 3263 906 3299 Ι,
938 3262 971 3291 ΙΙ
1003 3269 1037 3301 p.
1056 3260 1123 3292 249
1147 3258 1197 3291 ed.
1221 3258 1299 3301 Bip.
