2709 3576
1306 58 1408 108 -10

429 166 506 206 His
543 166 669 218 igitur
704 155 1054 208 omissis'transiri
1088 170 1224 221 potest
1249 167 1303 208 ad
1332 179 1526 221 eaquae
1556 168 1855 223 postlacunam
1881 168 2014 225 operis
2041 168 2093 212 de
2120 167 2272 210 Perseo
2296 180 2462 211 ιιιιτιιι-

292 247 369 286 tur.
426 243 508 291 Qui
544 246 757 300 postquam
791 243 963 286 feliciter
998 258 1073 301 per
1108 245 1209 286 duos
1251 257 1377 287 annos
1420 246 1573 288 bellum
1607 246 1990 301 ges-it(1.9‚1.,)
2025 259 2052 290 a
2084 244 2377 292 Luciohuno
2407 245 2462 289 ad

290 322 479 377 Pydnam
522 321 707 362 deuictus
747 324 822 362 est.
906 321 973 363 Ita
1008 321 1172 376 quidem
1200 321 1393 364 Velleius,
1473 321 1558 365 Sed
1581 322 1760 366 Perseus
1781 326 1900 376 ante,
1934 336 2057 380 quam
2080 322 2249 371 Paullus
2274 322 2388 367 uenit
2417 321 2462 366 in

292 399 521 450 Graeciam,
547 399 592 440 L.
620 399 818 440 Licinium
844 399 1038 441 Crassum
1059 399 1114 441 ad
1142 399 1323 441 Peneum
1351 400 1560 455 'superauit
1586 400 1689 454 (Ιιιιι.
1716 401 1783 451 42,
1806 401 1861 444 59
1887 403 1987 455 sq.)
1988 414 2025 443 a.
2039 401 2146 452 583.,
2174 401 2224 444 Δ.
2245 400 2461 446 Hostilium

291 476 471 531 equitum
497 490 635 531 pugna
665 476 821 518 uicerat
846 490 882 518 a.
907 476 1000 527 584.
1030 476 1151 530 (Plut.
1179 476 1308 536 Paull
1335 477 1374 528 9,
1401 478 1469 530 3.,)
1498 491 1577 532 quo
1603 477 1752 533 Epirus
1778 491 1828 520 eo
1856 478 2035 521 adducta
2060 482 2138 529 est,
2161 482 2209 520 ut
2233 478 2287 520 ad
2315 477 2460 520 Boma-

290 569 363 597 nos
401 554 596 596 deficeret
625 554 782 609 (Polyb.
806 555 872 605 27,
904 555 1004 607 13.),
1028 555 1201 609 denique
1229 568 1264 596 a.
1296 555 1387 597 585.
1421 555 1466 596 L.
1496 554 1706 612 Philippus
1735 558 1889 599 temere
1928 558 2086 598 montes
2112 558 2395 611 transgressus
2418 554 2460 597 in

289 632 528 674 Macedonia
560 632 613 673 ad
651 645 851 673 summum
887 632 1104 673 discrimen
1141 632 1358 673 adducitur
1404 632 1505 687 (Liu.
1526 633 1592 682 44,
1625 635 1672 675 1-
1692 634 1779 686 13..)
1842 632 1925 675 Per
1963 632 2179 676 triennium
2214 632 2339 688 igitur
2364 635 2460 676 ante

289 710 422 752 Paulli
449 710 673 751 aduentum
700 710 742 750 in
769 709 944 752 Graecia
976 714 1202 766 pugnatum
1229 713 1310 760 est,
1347 711 1406 752 ita
1432 714 1586 761 tamen,
1625 713 1672 752 ut
1697 710 1742 752 L.
1771 710 1980 767 Philippus
2006 710 2160 766 primus
2188 710 2231 752 in
2255 710 2325 753 illo
2350 710 2460 760 56Πο

290 788 440 843 aliquid
469 787 686 843 proficeret
711 787 1016 841 (Mommsenius
1045 789 1079 839 1,
1108 789 1187 830 745
1215 787 1279 828 ed.
1310 788 1377 841 2.).
1426 787 1608 830 Velleius
1635 787 1760 843 igitur
1786 788 1861 851 hoc
1889 788 2026 830 dicere
2055 788 2231 830 uoluisse
2256 788 2459 844 putandus

288 868 369 916 est,
413 879 487 921 per
516 865 718 906 biennium
754 865 1002 921 improspere
1029 878 1116 906 rem
1144 877 1235 906 esse
1253 867 1440 919 gestam,
1471 864 1592 907 terfio
1617 878 1722 906 anno
1751 865 1903 918 aliquid
1923 878 2015 906 esse
2041 866 2286 920 profectum,
2316 868 2459 919 quarto

289 943 548 983 debellatum.
578 942 643 996 (cs.
667 941 827 997 Lipsius
854 942 963 995 589.)
1017 941 1193 984 Perseus
1215 944 1309 998 post
1335 955 1514 998 pugnam
1540 941 1752 998 Pydneam
1777 942 1819 984 ιιι
1848 941 2131 985 Samothracas
2156 942 2283 997 fugit,
2310 941 2378 984 ubi
2406 943 2458 985 ab

289 1021 457 1062 Octauio
488 1024 675 1076 praetore
710 1020 748 1060 ei
775 1021 1063 1075 persuadetur,
1107 1023 1153 1061 ut
1177 1019 1371 1061 Romanis
1408 1033 1452 1061 se
1480 1020 1615 1062 dedat.
1665 1020 1722 1062 At
1750 1033 1848 1061 uere
1876 1034 1955 1063 non
1977 1019 2249 1076 persuadente
2277 1019 2457 1071 Octauio,

289 1099 362 1139 sed
391 1102 562 1151 cogente
591 1097 786 1139 Romanis
813 1110 858 1139 se
887 1097 1052 1138 dedidit.
1110 1097 1215 1138 Nam
1245 1096 1442 1139 Octauius
1467 1097 1676 1148 edixerat,
1719 1111 1877 1148 omnes,
1915 1098 1983 1152 qui
2006 1098 2060 1140 ad
2087 1097 2291 1141 Romanos
2307 1093 2457 1139 'transi-

288 1180 391 1226 rent,
417 1176 638 1216 incolumes
667 1176 753 1216 fore
782 1174 883 1227 (Liu.
900 1176 965 1224 45,
982 1176 1048 1226 6.).
1088 1175 1180 1222 Qua
1204 1187 1261 1224 re,
1289 1174 1444 1216 incitati
1464 1175 1586 1216 etiam
1600 1188 1661 1225 eo,
1688 1175 1796 1229 quod
1809 1175 2048 1216 Euandrum
2060 1174 2233 1216 amicum
2246 1188 2324 1215 rex
2345 1174 2457 1216 timo-
2498 1173 2505 1186 ’

287 1252 342 1294 ris
370 1265 515 1294 caussa
533 1252 795 1293 interfecerat
812 1250 914 1304 (Liu.
931 1252 996 1302 45,
1015 1252 1082 1304 5.),
1112 1265 1251 1293 omnes
1266 1253 1432 1306 praeter
1445 1249 1674 1306 Philippum
1690 1251 1817 1293 fllium
1835 1250 2032 1294 Perseum
2048 1252 2262 1300 deserunt;
2288 1252 2458 1304 ideoque

286 1330 393 1371 omni
422 1329 574 1372 auxilio
602 1328 833 1380 destitutus,
857 1327 1129 1371 Romanorum
1157 1327 1332 1382 gratiam
1357 1329 1572 1384 implorare
1601 1329 1767 1383 cogitur.
1815 1329 1958 1383 Neque
1983 1343 2081 1370 uero
2107 1333 2183 1379 est,
2210 1329 2317 1382 quod
2343 1328 2457 1370 Liuio

286 1407 518 1449 diffidamus
562 1420 648 1448 rem
700 1406 1007 1449 adcuratissime
1048 1406 1240 1448 narranti.
1314 1406 1470 1448 Deinde
1487 1405 1687 1448 Velleius
1721 1407 1889 1448 definire
1924 1407 2091 1458 omittit,
2128 1406 2236 1461 ‘quid
2266 1405 2459 1448 acciderit

286 1490 378 1540 post
406 1485 538 1527 Paulli
574 1485 783 1526 uictoriam
808 1484 1083 1526 Macedoniae.
1148 1484 1230 1525 Sed
1265 1487 1409 1539 postea
1430 1486 1481 1538 (2.
1512 1486 1579 1534 38,
1607 1487 1662 1536 5.)
1689 1485 1876 1526 Paullum
1908 1486 2008 1526 dicit
2038 1485 2080 1525 in
2115 1484 2344 1538 prouinciae
2379 1485 2457 1524 for-

285 1577 376 1605 eam
417 1562 637 1616 redegisse.
677 1560 806 1615 (XV.)
858 1561 917 1602 At
943 1561 1050 1614 quod
1077 1560 1244 1602 Paullus
1271 1576 1296 1602 a
1328 1561 1486 1603 Velleio
1522 1563 1780 1617 praedicatur
1808 1566 1860 1616 (1.
1888 1565 1926 1613 9,
1956 1565 2032 1614 3.‚)
2068 1563 2214 1617 quippe
2256 1563 2323 1615 qui
2359 1575 2457 1602 uera

286 1641 435 1680 uirtute
456 1641 562 1679 inter
591 1640 782 1692 aequales
807 1639 994 1688 emineat,
1022 1652 1101 1679 non
1127 1642 1191 1679 est
1217 1651 1290 1679 cur
1315 1639 1517 1679 miremur.

423 1740 744 1793 Redintegratur
765 1742 901 1780 autem
929 1738 1079 1780 bellum
1103 1737 1420 1788 Macedonicum,
1450 1752 1539 1780 cum
1565 1738 1940 1794 Pseudophilippus,
1966 1738 2122 1792 regiam
2147 1738 2313 1793 stirpem
2345 1751 2455 1778 men-

268 1819 383 1866 titus
400 1820 411 1846 ¹
427 1820 484 1868 ¹),
522 1816 803 1857 Macedoniam
840 1817 972 1856 denuo
1003 1819 1181 1871 occupat.
1240 1815 1321 1857 Sed
1355 1819 1397 1856 et
1430 1815 1498 1856 ille
1535 1818 1756 1871 superatur,
1785 1818 1828 1856 et
1852 1815 2000 1858 Graeci
2025 1815 2204 1856 seditiosi
2233 1816 2456 1856 funduntur

287 1909 311 1936 a
339 1878 516 1935 Metello.
569 1894 683 1941 Quas
719 1894 921 1943 uictorias,
945 1898 991 1933 ut
1016 1893 1173 1934 Metelli
1194 1893 1372 1934 felicitas
1400 1894 1529 1946 magis
1553 1893 1811 1944 inlustretur,
1839 1892 2001 1934 maioris
2029 1892 2190 1933 uirtutis
2217 1892 2457 1934 documenta

285 1973 411 2013 fuisse
438 1972 638 2025 significat
665 1973 717 2024 (1.
748 1973 809 2020 11,
836 1972 872 2012 2.
906 1972 966 2020 12,
993 1973 1054 2022 1.),
1082 1984 1202 2024 quam
1228 1984 1327 2010 uere
1355 1971 1546 2011 uidentur
1572 1971 1707 2012 fuisse.
1765 1970 1870 2012 Nam
1899 1972 2108 2026 in‘pugna
2134 1983 2226 2011 cum
2257 1969 2456 2010 Andrisco

287 2050 499 2089 commissa
527 2063 575 2088 60
604 2049 722 2088 facile
749 2048 917 2088 uictoria
943 2052 1062 2103 parta
1088 2051 1163 2097 est,
1191 2048 1297 2101 quod
1325 2048 1433 2087 illius
1455 2047 1660 2089 exercitus
1676 2048 1877 2089 discordia
1897 2047 2123 2096 laborabat3
2152 2045 2455 2100 (Mommsenius

283 2128 321 2177 2,
355 2128 437 2179 38.)
473 2126 622 2168 Graeci
654 2129 791 2167 autem
823 2129 866 2166 et
894 2124 1108 2171 Critolaus,
1136 2138 1275 2166 eorum
1301 2125 1401 2176 dux,
1427 2125 1590 2178 fugere,
1617 2138 1739 2180 quam
1767 2125 1958 2167 resistere
1986 2125 2192 2166 malebant
2218 2123 2456 2177 (Pausanias

284 2206 321 2254 7,
354 2206 401 2244 15
428 2205 450 2257 5
470 2205 495 2245 3
526 2204 661 2255 Sieb.).
706 2203 866 2243 Bellum
893 2203 1039 2243 deinde
1070 2203 1291 2244 Achaicum
1317 2203 1520 2259 sepultum
1545 2205 1610 2244 est
1638 2215 1663 2244 a
1689 2202 1895 2254 Mummio,
1921 2202 1989 2257 qui
2014 2200 2249 2245 Corinthum
2275 2200 2456 2242 funditus

283 2282 437 2321 deleuit
465 2283 517 2333 (ι.
546 2281 615 2330 13,
650 2282 711 2331 1.).
769 2279 932 2321 Transit
977 2279 1058 2320 iam
1096 2268 1279 2320 Velleius
1317 2279 1370 2320 ad
1417 2279 1568 2320 benum
1610 2279 1949 2333 Karthaginisnse
1984 2278 2149 2321 tertium
2184 2278 2454 2320 enan-andum

284 2357 558 2413 Scipionisque
590 2370 722 2398 mores
752 2357 1060 2407 describendos,
1112 2370 1211 2410 quos
1238 2349 1334 2412 apte
1359 2370 1450 2397 cum
1473 2356 1667 2398 Mummio
1693 2358 1910 2411 comparat.
1966 2356 2102 2409 Atque
2133 2355 2316 2409 quamdis
2342 2354 2453 2396 dubi-

281 2434 359 2475 tari
388 2434 532 2489 possit,
562 2448 657 2474 num
681 2433 866 2474 Velleius
894 2434 989 2487 quid
1014 2434 1173 2474 ualeret
1194 2433 1327 2489 Scipio
1353 2447 1518 2488 prorsus
1545 2433 1813 2489 perspexerit,
1839 2436 1977 2477 tamen
2003 2446 2094 2473 cum
2123 2419 2166 2473 et
2191 2431 2287 2473 belli
2317 2434 2360 2472 et
2384 2444 2454 2486 pa-

283 2511 340 2552 cis
382 2511 542 2552 dotibus
576 2525 670 2551 eum
709 2510 960 2566 praestitisse
990 2510 1229 2565 ingenioque
1258 2511 1384 2552 seculi
1408 2511 1515 2551 illius
1542 2511 1659 2552 facile
1688 2512 1908 2566 principem
1937 2504 2063 2552 fuisse
2094 2510 2221 2560 dicat,
2261 2521 2337 2550 nec
2362 2509 2455 2564 plus

283 2602 358 2630 nec
387 2579 519 2630 minus
546 2589 651 2630 iusto
678 2602 771 2629 eum
796 2588 971 2639 adferre,
999 2591 1110 2629 certe
1138 2588 1394 2642 largiendum
1418 2592 1490 2630 est.
2427 2604 2431 2608 -

419 2689 536 2737 Quae
566 2690 641 2730 hoc
663 2690 750 2729 1060
779 2683 1012 2729 inseruntur
1041 2689 1092 2729 de
1121 2690 1282 2730 coloniis
1309 2702 1333 2730 a
1360 2688 1552 2730 Romanis
1581 2689 1767 2731 deductis
1789 2689 1847 2730 ita
1871 2702 1897 2730 a
1922 2688 2110 2730 Maduico
2134 2687 2309 2743 Sauppio
2336 2687 2451 2728 Zum-

280 2767 365 2820 ptio
397 2767 612 2807 inlustrata
636 2770 750 2815 sunt,
777 2769 824 2806 ut
852 2766 1086 2818 diligentius
1111 2779 1160 2807 ea
1188 2767 1443 2807 considerare
1466 2766 1734 2821 supersedere
1764 2765 1975 2822 possimus.
2033 2764 2169 2806 Facile
2208 2767 2343 2805 autem
2368 2764 2452 2804 elu-

281 2849 357 2892 cet,
388 2843 591 2883 Velleium
630 2843 750 2892 alios,
771 2856 819 2882 ac
846 2842 1026 2893 Liuium,
1058 2843 1189 2883 fontes
1213 2847 1417 2893 secutum,
1456 2856 1577 2899 saepe
1607 2856 1699 2885 cum
1726 2838 1911 2884 ueritatis
1938 2842 2085 2884 damno
2111 2855 2137 2885 a
2165 2841 2342 2901 Liuianis
2369 2841 2450 2882 dis-

282 2921 465 2961 cessisse.
487 2945 542 2950 —
571 2920 763 2975 Sequitur
806 2920 857 2961 de
894 2920 1025 2976 poetis
1062 2924 1104 2961 et
1128 2921 1352 2963 oratoribus
1380 2923 1423 2962 et
1451 2903 1621 2964 Graecis
1652 2922 1695 2963 et
1717 2919 1910 2963 Romanis
1940 2920 2076 2963 breuis
2102 2919 2262 2971 notitia,
2292 2919 2345 2961 de
2372 2931 2452 2973 qua

278 2999 373 3052 quid
398 2999 659 3040 statuendum
690 2998 911 3049 uideretur,
940 3012 1064 3055 supra
1092 2998 1415 3053 significauimus.
1448 2998 1514 3052 (V.
1547 2998 1624 3052 13.)

419 3146 430 3167 ¹
444 3145 474 3187 ¹)
499 3146 603 3179 Recte
631 3145 785 3179 Velleius
817 3145 923 3179 fllium
948 3133 1038 3189 regis
1064 3144 1266 3179 Andriscum
1289 3156 1355 3179 non
1384 3144 1489 3179 fuisse
1515 3146 1665 3180 statuere
1690 3144 1844 3186 uidetur,
1878 3143 1938 3179 err.
1962 3143 2041 3179 Liu.
2062 3144 2119 3180 49.
2144 3143 2237 3178 Ποῖ.
2264 3142 2298 3185 2,
2330 3143 2372 3176 14
2402 3141 2451 3186 (1,

277 3205 347 3238 30.)
373 3206 437 3246 ᾄ3.
465 3208 583 3236 contra
607 3204 795 3237 Pausanias
820 3207 850 3237 7.
880 3206 933 3246 13,
967 3207 978 3237 1
1012 3216 1045 3248 p.
1075 3205 1151 3238 187.
1179 3204 1298 3248 (Sieb.)
1326 3215 1403 3238 eum
1427 3214 1468 3238 ex
1490 3204 1613 3248 pellice
1635 3207 1753 3239 natum
1776 3213 1849 3237 esse
1875 3201 1967 3237 dicit.
2336 3225 2339 3230 -
