2709 3576
1309 56 1360 108 11

259 169 605 221 matie-⁸¹¹}
620 167 771 220 (ἲν-39.
795 168 826 209 2
841 167 988 220 “133-
1026 166 1132 217 Vbi·
1148 169 1363 224 postqum
1385 169 1448 212 de·
1464 168 1611 214 Gauii·
1639 181 1668 212 ο
1690 168 1876 212 Domitii·
1897 168 2154 223 Quumque
2182 169 2417 224 perdomitis

258 233 833 301 Qfi]AQ;RiQ·in.‘Nuffliu
866 243 1008 290 Oilia-
1039 244 1461 301 fflnfipndiariis
1495 245 1728 300 expositum
1758 249 1841 297 est,
1881 245 2094 289 Octauiani
2128 249 2173 287 et
2207 245 2344 288 Tiberi
2371 247 2416 289 in

259 318 759 385 mmuh-ti·
778 320 904 365 houm
928 321 1243 376 praecipiuntur.
1281 321 1483 367 nimum
1502 321 1546 365 in
1568 322 1736 365 medum
1760 321 1994 365 Ciceronem
2027 322 2072 364 in
2102 322 2293 365 exsilium
2319 323 2415 366 mis·

258 413 462 451 sunm
478 395 738 454 mbr-tot
762 397 960 444 ontinuo
974 410 1081 442 eun
1099 400 1333 442 uuooetum
1347 412 1447 442 esse
1469 397 1599 443 addit.
1638 397 1788 441 Postea
1807 398 1972 441 demum
1988 398 2184 441 Catonem
2196 399 2266 453 qui
2278 399 2415 455 paullo

258 480 352 536 post
379 473 782 535 (5oeme
810 473 1036 526 cessit‚·in
1068 473 1253 530 cyprum
1287 475 1514 529 mmmm
1543 487 1637 518 esse
1673 474 1859 529 adiungit
1889 476 1946 529 (2,
1972 476 2039 519 45.
2067 476 2092 518 3
2120 478 2166 518 et
2189 477 2256 528 4.).
2323 476 2415 524 Quo

257 557 308 601 in,
330 565 502 597 numne
533 551 666 599 omnm
699 565 753 596 ea
771 552 971 608 ponenda
1003 553 1117 603 sunt,
1147 565 1267 607 -quae
1299 566 1421 608 supra
1447 552 1517 607 (Ι.)
1550 552 1858 596 commemoraui
1883 553 2158 608 pragmaticae
2188 553 2413 609 sen‘ptionis

391 707 460 753 Ex
485 707 552 751 his
574 706 699 761 igitur
724 706 907 750 omnibus
936 706 1160 761 configitur,
1196 706 1330 750 Vellei
1355 707 1592 763 opusculum
1614 706 1656 748 in
1681 707 1783 748 duas
1809 709 1948 762 partes
1969 720 2061 748 esse
2091 707 2414 763 dispescendum,

255 798 427 843 quarum
451 784 600 835 altera,
625 784 707 832 leui
733 787 776 827 et
797 783 916 838 quasi
937 783 1107 837 fugitiuo
1135 784 1290 827 calamo
1316 790 1498 836 exarata,
1522 797 1650 839 usque
1678 784 1731 825 ad
1759 784 1929 839 primum
1956 783 2252 827 triumuiratum
2278 784 2414 827 Lucae

256 865 494 908 renouatum
520 876 589 905 res
614 862 914 912 describantur,
941 861 1073 903 altera
1098 874 1148 903 ea
1175 866 1440 917 exponantur,
1466 874 1572 917 quae
1598 862 1684 903 siue
1710 875 1765 902 ex
1791 862 2068 904 intentioribus
2096 863 2239 904 studiis
2266 863 2413 907 hausta

256 940 343 985 siue
369 940 528 995 abipso
551 940 745 995 scriptore
773 941 957 994 spectata
980 938 1171 981 maiorem
1197 952 1333 982 rerum
1356 940 1567 983 scientiam
1593 940 1821 982 exhibeant.

1312 1134 1359 1178 V.

392 1244 451 1288 Vt
476 1248 613 1288 tamen
638 1247 789 1298 quanta
805 1243 963 1287 Velleio
989 1244 1092 1286 fides
1118 1242 1387 1287 adtribuenda
1410 1243 1475 1293 sit,
1504 1243 1714 1287 diiudicari
1743 1244 1879 1299 possit,
1906 1257 2072 1285 necesse
2101 1252 2175 1295 est,
2202 1258 2303 1298 quos
2327 1245 2411 1287 fon-

255 1327 320 1366 tes
349 1324 394 1366 in
427 1321 654 1366 enarranda
690 1321 854 1364 historia
879 1324 1044 1364 secutus
1079 1321 1286 1370 uideatur,
1323 1320 1514 1362 breuibus
1541 1334 1756 1375 exponere.
1815 1321 1907 1368 Qua
1939 1321 1982 1362 in
2017 1335 2062 1361 re
2090 1322 2309 1363 tenendum
2333 1326 2412 1372 est,

257 1400 426 1450 Velleio,
451 1399 521 1453 qui
549 1398 679 1439 maius
706 1411 807 1452 opus
833 1397 1052 1446 moliretur,
1080 1396 1311 1450 diligentius
1338 1386 1781 1451 posterioris'temporis
1798 1398 1928 1440 fontes
1946 1398 2257 1452 perscrutandos
2272 1398 2410 1440 fuisse.

256 1478 340 1522 Sed
374 1490 455 1519 non
490 1488 711 1528 nunquam,
747 1476 795 1515 ut
829 1474 916 1516 eius
951 1473 1059 1527 quod
1094 1473 1339 1514 describeret
1371 1474 1564 1528 temporis
1601 1488 1669 1517 res
1697 1475 1844 1515 clarius
1871 1475 2211 1529 perspicerentur,
2246 1475 2411 1516 descen-

254 1555 434 1598 dendum
457 1553 496 1595 ei
521 1552 599 1596 fuit
622 1552 678 1595 ad
702 1550 984 1606 antiquitatem
1007 1550 1371 1607 peruestigandam.
1413 1551 1610 1593 Attamen
1636 1551 1757 1592 ualde
1784 1551 1880 1593 mihi
1903 1552 1930 1592 ii
1950 1565 2087 1592 errare
2106 1552 2308 1601 uidentur,
2343 1552 2412 1606 qui

255 1631 412 1674 Velleio
448 1631 671 1687 perfectam
702 1630 931 1673 litterarum
965 1631 1010 1672 et
1037 1628 1286 1684 Graecarum
1321 1632 1363 1670 et
1387 1628 1664 1689 quanarum
1699 1630 1965 1683 cognitionem
2003 1630 2128 1670 fuisse
2154 1630 2410 1671 adseuerant-

236 1700 378 1752 Cuius
402 1708 595 1764 opinionis
624 1707 851 1748 testimonia
876 1707 1077 1749 Krausius
1101 1706 1224 1749 XXI.
1255 1706 1399 1747 adtulit
1424 1706 1463 1757 2,
1492 1707 1557 1748 69.
1582 1709 1609 1748 4
1632 1710 1676 1748 et
1704 1708 1790 1749 123.
1821 1708 1859 1748 2.
1920 1707 2026 1748 Nam
2048 1708 2154 1761 quod
2180 1707 2222 1748 in
2249 1707 2412 1750 Vatinio

254 1786 353 1830 dicit
377 1786 555 1842 corporis
583 1785 879 1828 deformitatem
907 1798 1001 1826 cum
1028 1785 1167 1839 ingeni
1195 1784 1440 1839 turpitudine
1473 1785 1716 1835 oei-cauisse,
1753 1790 1801 1825 ut
1833 1785 1989 1826 animus
2022 1785 2254 1838 dignissimo
2288 1786 2411 1826 domi-

254 1863 344 1906 eilio
370 1863 550 1904 inclusus
576 1862 799 1914 uideretur,
820 1864 865 1905 et
890 1862 998 1915 quod
1023 1862 1516 1916 Augusuimmorientem
1542 1862 1688 1911 insua
1710 1863 1932 1903 resolutum
1951 1863 2065 1903 initia
2084 1867 2236 1911 narrat,
2264 1876 2319 1902 ex
2338 1864 2410 1913 eis,

255 1941 449 1994 dogmata
472 1939 797 1994 philosophorum
813 1938 1063 1982 Graecorum
1088 1952 1181 1980 eum
1206 1938 1464 1994 perdidicisse
1491 1938 1666 1992 conligit.
1713 1939 1795 1980 Sed
1823 1940 1923 1981 haec
1947 1941 2072 1980 uerba
2088 1939 2186 1980 nihil
2203 1943 2309 1989 sunt,
2334 1940 2412 1981 nisi

254 2017 451 2060 formulae
473 2016 654 2067 dicendi,
685 2015 791 2058 iusto
818 2015 913 2058 illae
947 2015 1110 2070 quidem
1138 2015 1519 2069 magnificentiores,
1555 2029 1686 2070 neque
1714 2020 1849 2058 tamen
1876 2030 1930 2057 ex
1956 2017 2305 2071 Pythagoreorum
2344 2018 2412 2058 uel

253 2093 499 2139 Academiae
534 2092 640 2135 ludis
676 2092 933 2148 repetendae.
985 2092 1064 2135 Illa
1101 2094 1237 2135 autem
1269 2092 1449 2135 doctrina
1480 2106 1562 2135 non
1595 2094 1714 2135 unius
1741 2094 1917 2136 Socratis
1953 2094 2048 2144 fuit,
2087 2094 2161 2134 sed
2197 2096 2411 2136 uniuersae

252 2170 514 2226 antiquitatis.
556 2169 752 2213 Attamen
765 2168 949 2213 Velleius
976 2169 1258 2226 philosophiae,
1287 2182 1390 2224 quae
1417 2169 1576 2222 dieitur,
1604 2171 1831 2223 eclecticae‚
1857 2171 2017 2225 qualem
2035 2171 2238 2214 Ciceronis
2265 2173 2307 2213 in
2334 2173 2412 2228 pri·

253 2249 340 2290 mis-
358 2248 509 2304 scripta
538 2247 853 2303 suppeditarent,
878 2260 1028 2303 expers
1055 2247 1179 2288 fuisse
1207 2260 1285 2288 non
1314 2246 1515 2303 putandus
1542 2251 1617 2289 est.
1673 2248 1789 2296 Quae
1817 2252 1859 2289 et
1883 2249 2000 2290 aulae
2027 2250 2119 2290 usui
2146 2250 2292 2305 optime
2321 2263 2411 2291 con·

252 2326 452 2379 uenielmt,
479 2325 710 2368 lium-amm
730 2325 973 2381 splendoren
998 2325 1251 2376 adfecmntis,
1280 2327 1324 2366 et
1339 2324 1526 2366 facillime
1553 2326 1706 2367 hauriri
1731 2327 1868 2382 potnit.
1921 2327 2155 2369 Ciceronem
2179 2332 2313 2368 autem
2332 2342 2411 2369 non

251 2403 339 2446 sine
373 2402 495 2445 animi
524 2402 744 2445 intentione
780 2415 805 2445 a
832 2402 990 2444 Velleio
1022 2402 1245 2458 perlectum
1282 2414 1393 2453 esse,
1431 2415 1481 2444 eo
1517 2404 1624 2457 quod
1659 2404 1819 2459 saepius
1858 2405 2059 2446 scribendi
2095 2406 2181 2445 eius
2215 2406 2410 2447 rationem

252 2481 433 2526 imitatur
450 2480 684 2534 edocemur.
717 2480 804 2534 (efr-
836 2479 1105 2524 Ruhnkenius
1134 2479 1187 2522 ad
1221 2481 1254 2521 1.
1287 2480 1347 2531 16,
1374 2481 1399 2520 4
1427 2493 1465 2537 p.
1489 2481 1553 2525 65.
1590 2480 1650 2533 18,
1681 2483 1698 2523 1
1730 2496 1767 2537 Ρ.
1792 2483 1862 2532 72;
1902 2483 1939 2530 2.
1972 2483 2037 2534 32,
2069 2485 2085 2525 1
2118 2497 2155 2539 Ρ.
2178 2484 2262 2526 179.
2289 2484 2354 2533 34,
2383 2484 2408 2526 3

251 2573 291 2613 p.
313 2558 400 2603 189.
430 2558 496 2608 35,
523 2559 549 2599 5
576 2572 614 2612 p.
636 2557 723 2599 195.
750 2558 818 2607 40,
848 2558 873 2598 4
899 2571 937 2611 p.
958 2557 1048 2598 212.
1078 2557 1143 2617 64,
1170 2556 1196 2599 3
1225 2570 1263 2612 Ρ.
1284 2557 1371 2598 127.
1411 2555 1592 2598 Kritzius
1619 2557 1828 2611 XVIIII.)
1891 2559 1974 2602 Sed
2007 2560 2113 2613 quod
2148 2560 2278 2613 magis
2314 2561 2414 2601 facit

251 2635 306 2676 ad
331 2634 580 2690 propositum
605 2636 799 2683 nostrum,
814 2626 1000 2674 ‘dubitaui
1027 2646 1108 2674 non
1122 2634 1268 2688 potest,
1295 2632 1391 2688 quin
1406 2645 1531 2688 saepe
1546 2633 1730 2675 Velleius
1746 2635 1903 2686 iudicia,
1928 2649 2031 2690 quae
2058 2636 2108 2676 de
2131 2637 2287 2692 pristini
2311 2639 2410 2678 tem-

249 2709 359 2768 poris
387 2711 487 2755 uiris
519 2713 618 2763 fert,
656 2724 713 2752 ex
751 2709 961 2755 Ciceronis
988 2709 1149 2768 scriptis
1184 2709 1390 2766 repetierit
1420 2711 1544 2767 atque
1579 2706 1754 2755 colorem
1792 2713 1915 2755 totius
1952 2713 2139 2756 orationis
2165 2726 2222 2755 ex
2251 2713 2310 2755 eis
2338 2727 2410 2757 ex·

249 2788 457 2844 pressea-it.
507 2788 691 2837 Quorum
717 2789 797 2834 hoe·
820 2791 963 2845 aperte
989 2789 1140 2833 factum
1167 2792 1253 2839 est,
1278 2788 1346 2833 uhi
1371 2787 1560 2832 Caesaris
1584 2789 1909 2833 interfectoribus
1936 2791 2245 2846 pmeteritarum
2274 2805 2410 2837 rerum

250 2865 490 2907 obliuionem
516 2879 750 2908 concessam
765 2880 867 2908 esse
895 2867 1022 2908 refert
1052 2866 1105 2919 (2.
1124 2866 1190 2916 58,
1211 2868 1284 2918 4.);
1317 2865 1417 2906 illud
1442 2865 1484 2906 in
1513 2866 1675 2908 Vatinio
1703 2868 1967 2909 describendo
1994 2868 2330 2910 animaduertitur
2355 2870 2408 2923 (2.

250 2942 303 2984 69
342 2944 389 2992 4;
427 2942 490 2984 cll.
523 2943 604 2985 Cic.
628 2943 670 2985 in
684 2942 781 2986 Van
807 2944 832 3000 ς
852 2945 890 2985 4.
910 2944 1012 2998 539.
1044 2944 1096 2985 ad
1111 2943 1196 2985 Att.
1215 2944 1252 2985 2.
1269 2943 1310 2994 9,
1327 2944 1400 2994 2.);
1428 2944 1606 2986 maxime
1638 2947 1774 2985 autem
1798 2944 1932 2986 elucet
1958 2959 2013 2985 ex
2040 2945 2110 2995 eis,
2138 2960 2242 3002 quae
2268 2947 2320 2989 de
2349 2946 2408 2989 Ti.

248 3020 425 3064 Gracchi
455 3020 651 3064 seditione
681 3023 912 3065 narrantur.
959 3021 1082 3063 Hlum
1112 3020 1220 3063 enim
1248 3020 1429 3063 Velleius
1466 3021 1565 3064 dieit
1591 3025 1808 3076 propterea
1834 3035 1861 3062 a
1887 3022 1999 3064 bonis
2028 3022 2268 3074 desciuisse,
2303 3025 2411 3078 quod

231 3098 431 3152 ,grmitor
475 3098 622 3147 ferret,
672 3097 814 3140 medus
861 3098 1149 3139 Numantinum
1193 3111 1218 3138 a
1243 3098 1429 3138 Mancino
1468 3099 1556 3153 ipso
1597 3099 1871 3138 intercedente
1908 3099 2049 3140 initum
2085 3114 2110 3141 a
2147 3101 2302 3143 Senatu
2339 3102 2413 3143 im-

247 3176 422 3232 probari.
494 3174 666 3216 Prorsus
714 3175 866 3228 eodem·
903 3176 1022 3218 modo
1056 3176 1196 3218 Cicero
1232 3175 1283 3214 de
1319 3174 1470 3216 Grachi
1504 3176 1679 3216 tumultu
1713 3175 1863 3217 iudicat
1896 3175 2023 3229 (Brut.
2054 3179 2075 3233 ς
2104 3179 2190 3220 103.
2234 3179 2286 3220 de
2323 3180 2409 3222 har.

247 3265 354 3308 resp.
382 3255 406 3308 g
432 3254 525 3304 43.).
575 3252 702 3299 Quod
739 3237 879 3293 etiam'
897 3253 1005 3294 cadit
1032 3253 1073 3292 in
1100 3252 1143 3293 c.
1177 3252 1415 3294 emacim

2075 3321 2137 3362 2*
