2709 3576
1321 65 1382 118 m

277 175 1195 238 ”mmmm
1216 173 1805 220 Contraoohuianusomnes
1835 173 2098 228 magistratus
2125 174 2297 216 interfici
2320 174 2438 216 iussit

278 258 469 329 (w,
484 255 613 311 48).
628 248 2328 307 Μάαιηιιὴιιιιιωοὼεοοεοηθςωιιοηροωαῶτωωωί
2345 252 2438 294 410.

172 293 209 339 ι’
278 321 1146 395 tntum-murmane.)

380 410 540 467 Vm
553 407 687 460 ,stiam
714 409 811 453 tunc
836 408 939 457 erat,
966 406 1054 461 qui
1051 406 1216 449 bellum
1237 406 1345 447 inter
1361 406 1579 447 Antonium
1607 408 1651 447 et
1664 406 1932 447 Octauianum
1959 406 2170 459 quominus
2196 406 2440 447 exardesce-

280 490 365 538 ηε
370 486 629 543 inpediebat,
654 483 698 527 8.
718 482 976 540 Pompeius..
1003 483 1086 533 Qui
1115 482 1152 525 si
1178 495 1277 524 uere
1303 482 1410 524 uitiis
1436 482 1518 524 illis
1544 483 1728 525 omnibus
1753 483 1990 534 laborasset,
2019 495 2124 537 quae
2145 482 2330 524 Velleius
2356 483 2439 536 (73,

283 566 344 620 1,.)
361 564 408 608 in
431 575 482 608 eo
504 561 632 605 fnisse
656 563 810 613 narrat,
834 573 914 616 quo
925 559 1058 604 modo
1072 559 1307 611 Octauiano,
1334 560 1516 602 omnibus
1542 560 1759 602 uirtutibus
1784 559 2058 615 praecellenti,
2085 559 2240 601 tamdiu
2265 559 2441 615 potuerit

280 640 496 692 reustum,
509 652 590 682 non
615 651 714 682 sane
742 638 1059 694 intenegemtur.
1115 637 1198 681 Sed
1224 637 1323 680 item
1350 637 1607 680 Drumannus
1637 639 1690 692 (4,
1715 637 1806 680 590.
1834 637 1906 678 cfr.
1934 636 2107 679 Peterus
2124 638 2162 689 2,
2190 638 2299 690 507.)
2323 636 2440 679 Ροιιι·

280 719 418 783 poium
441 716 578 774 pusilli
601 716 745 772 ingeni
762 716 888 760 fuisse
914 716 1113 782 opinatur,
1142 729 1235 758 cum
1255 715 1543 758 Mommsenius
1566 717 1622 768 (3,
1642 716 1751 767 417.)
1780 728 1873 756 eum
1898 715 2058 769 ingenio
2082 716 2169 757 sine
2190 715 2310 757 dubio
2325 728 2441 770 prae·

281 794 412 843 ditum
445 793 571 835 fuisse
605 792 726 834 dicat.
777 792 879 835 Mihi
914 793 1051 834 autem
1082 791 1142 833 illi
1176 791 1322 833 iniuste
1359 791 1538 833 indicam
1573 791 1773 832 uidentur.
1832 791 2024 833 Sermone
2061 791 2167 831 enim
2193 804 2286 832 eum
2313 791 2439 832 fuisse

280 871 499 916 barbarum
524 869 594 911 uel
609 869 749 912 Cicero
777 869 847 927 (ad
869 868 956 912 Att.
984 869 1044 911 16.
1062 871 1102 920 4,
1130 870 1182 921 1.)
1209 868 1430 921 redarguit.
1477 868 1537 910 At
1562 868 1669 922 quod
1689 867 1870 910 Velleius
1897 881 1990 909 eum
2016 868 2251 909 libertorum
2276 881 2439 910 suorum

279 947 483 998 libertum,
511 959 721 987 seruorum
745 958 909 986 seruum
927 945 1053 986 fuisse
1068 945 1177 995 dicit,
1204 945 1240 985 si
1255 945 1456 998 argutiam
1469 946 1712 997 detraxeris,
1739 959 1787 987 eo
1810 946 1969 996 redibit,
1993 946 2100 999 quod
2114 945 2281 985 libertos
2298 945 2439 986 classis

280 1023 438 1078 legatos
461 1015 724 1075 habebatv).
778 1020 901 1069 Quod
930 1033 1028 1076 uero
1053 1020 1312 1062 incitantibus
1333 1021 1456 1063 Mena
1483 1024 1527 1063 et
1542 1021 1777 1063 Menecrate
1801 1022 1956 1064 libertis
1975 1021 2147 1064 Statium
2173 1021 2394 1063 Murcum
2383 1035 2440 1062 m-

281 1101 491 1143 terfecisse
516 1099 662 1141 dicitur
688 1099 740 1152 (2.
770 1100 834 1146 77,
858 1099 933 1150 4..)
964 1111 1015 1139 ne
1039 1098 1207 1148 Murcus
1229 1098 1402 1151 quidem,
1430 1098 1499 1152 qui
1527 1100 1745 1153 superbum
1771 1098 1936 1154 Pompei
1962 1100 2136 1139 animum
2166 1099 2354 1140 conuiciis
2382 1098 2439 1140 la-

284 1179 475 1227 cesseret,
503 1178 554 1218 ab
582 1176 688 1219 omni
714 1177 834 1231 culpa
859 1176 1021 1217 uidetur
1046 1188 1216 1216 uacasse
1243 1175 1362 1230 (App.
1391 1178 1430 1226 5,
1449 1177 1500 1217 70
1515 1190 1554 1230 p.
1570 1176 1690 1227 804.).
1745 1176 1902 1216 Deinde
1928 1176 2150 1217 infidiorem
2176 1177 2304 1222 fuisse
2323 1175 2438 1226 Pom,

283 1254 438 1311 poium,
465 1268 587 1308 quam
614 1267 752 1296 omnes
778 1256 956 1304 ceteros,
986 1253 1055 1307 qui
1080 1258 1176 1293 tunc
1192 1252 1255 1293 de
1278 1252 1444 1307 imperio
1472 1254 1693 1303 certabant,
1720 1266 1918 1307 nusquam
1942 1253 2143 1307 proditum
2170 1257 2243 1293 est.
2298 1253 2438 1294 Latro-

281 1332 386 1375 cinia
413 1335 550 1373 autem
573 1332 720 1373 iniuste
748 1344 776 1372 a
800 1330 958 1372 Velleio
984 1331 1286 1386 uituperantur,
1314 1343 1405 1371 cum
1431 1330 1666 1371 Dolabellae
1691 1330 1808 1372 Bruti
1837 1330 1953 1372 Cassi
1982 1331 2133 1372 Antoni
2161 1331 2438 1385 expeditiones

281 1408 502 1450 maritimas
538 1407 696 1449 silentio
732 1407 1029 1463 praetermittat
1058 1406 1148 1461 (Dio
1174 1407 1247 1457 48,
1278 1408 1326 1447 17
1353 1421 1390 1461 p.
1420 1408 1539 1458 600.).
1595 1406 1716 1451 Certe
1752 1411 1889 1448 autem
1913 1407 2128 1463 Pompeius
2163 1421 2242 1447 non
2278 1408 2312 1448 is
2340 1412 2441 1458 erat,

282 1486 351 1540 qui
376 1499 504 1539 aequo
532 1485 663 1525 animo
692 1484 907 1525 aduersam
931 1485 1133 1542 fortimam
1159 1484 1244 1538 pati
1270 1487 1415 1538 posset.
1472 1484 1616 1537 Itaque
1641 1498 1868 1538 quanquam
1894 1497 1973 1525 non
2002 1485 2120 1525 modo
2138 1485 2299 1525 fortuna
2325 1485 2441 1537 (Dru-

282 1576 453 1605 mannus
466 1548 594 1614 590),
623 1562 696 1602 sed
723 1562 848 1616 ipsius
877 1562 1000 1602 etiam
1025 1562 1174 1601 uirtute
1198 1562 1250 1602 ad
1274 1562 1493 1616 potentiam
1516 1564 1731 1616 prouectus
1759 1565 1833 1611 est,
1862 1564 2009 1611 tamen,
2037 1562 2106 1602 ubi
2134 1562 2265 1601 uictus
2281 1568 2356 1610 est,
2385 1562 2441 1601 se-

282 1653 359 1681 rox
385 1639 543 1679 iuuenis
571 1639 726 1679 animus
753 1639 974 1693 supplicem
1001 1651 1124 1691 agere
1155 1652 1233 1678 non
1262 1640 1390 1693 potuit
1418 1638 1539 1691 (Vell.
1569 1640 1605 1679 2.
1639 1639 1703 1688 79,
1732 1640 1795 1690 5.).

419 1715 498 1756 Hic
533 1716 657 1769 igitur
689 1715 909 1756 uincendus
948 1717 1037 1755 erat
1067 1715 1299 1756 Octauiano.
1353 1715 1416 1756 Ac
1449 1716 1622 1770 primum
1659 1715 1820 1768 quidem
1857 1729 1881 1755 a
1918 1716 2063 1770 populo
2100 1729 2282 1757 annonae
2310 1716 2441 1771 inopia

284 1796 446 1835 coactus
480 1795 734 1846 (consensum
760 1792 1042 1847 expostulasse
1070 1792 1179 1832 ciues
1207 1792 1304 1833 dicit
1325 1792 1507 1832 Velleius
1533 1793 1570 1833 2.
1596 1793 1660 1842 77,
1695 1794 1742 1841 1.,
1771 1792 1950 1833 conuicia
1977 1796 2020 1833 et
2045 1793 2201 1848 lapides
2230 1794 2272 1833 in
2296 1793 2443 1834 Caesa·

284 1883 372 1910 rem
391 1869 533 1909 iecisse
549 1869 758 1924 Appianus
773 1871 810 1918 5,
827 1869 922 1920 68),
948 1869 1072 1908 inuito
1087 1869 1218 1908 animo
1230 1869 1283 1908 ad
1303 1868 1504 1908 Misenum
1518 1881 1660 1923 pacem
1677 1882 1767 1909 cum
1786 1882 1834 1908 eo
1849 1869 1954 1908 facit.
1998 1869 2145 1909 Postea
2165 1869 2442 1920 Octauianum,

285 1949 331 1985 ut
357 1947 504 1986 milites
531 1947 585 1986 ad
612 1946 719 1986 bella
747 1946 957 1999 sequentia
985 1948 1211 1994 exerceret,
1240 1948 1378 1984 contra
1405 1945 1592 1998 Illyricos
1627 1946 1904 1999 expeditiones
1929 1946 2073 1984 secisse
2094 1946 2276 1985 Velleius
2306 1951 2444 1986 narrat

284 2024 337 2076 (2.
364 2023 429 2072 78,
454 2025 519 2075 2..)
574 2023 632 2063 At
660 2023 937 2077 expeditiones
956 2016 1078 2071 illae,
1123 2022 1253 2074 siquid
1279 2021 1461 2075 Appiano
1488 2022 1568 2073 (ΙΙΙ.
1600 2023 1673 2062 16-
1683 2023 1763 2072 24.)
1793 2022 2016 2071 tribuimus,
2042 2023 2222 2062 incidunt
2249 2023 2290 2062 in
2317 2036 2443 2064 annos

285 2100 510 2150 719-735„
549 2101 595 2140 ut
627 2102 719 2155 post
753 2098 908 2141 finitum
945 2099 1108 2140 demum
1144 2112 1234 2139 cum
1264 2098 1304 2140 S.
1330 2097 1518 2153 Pompeio
1554 2098 1703 2140 bellum
1730 2098 1929 2153 incipiant.
1986 2098 2066 2145 Qui
2089 2113 2202 2140 error
2228 2113 2283 2139 ex
2312 2100 2444 2140 studio

284 2176 353 2220 illo
375 2175 528 2229 Vellei,
566 2190 643 2232 quo
681 2190 748 2218 res
781 2176 886 2218 inter
913 2190 957 2217 se
988 2178 1200 2219 conectere
1226 2173 1407 2232 temptat,
1433 2176 1678 2232 repetendus
1705 2176 1867 2218 uidetur
1895 2191 1985 2218 esse
2011 2176 2060 2230 (I,
2085 2177 2151 2229 3).
2207 2177 2375 2219 Interim
2403 2184 2445 2219 et

285 2255 421 2297 Vellei
454 2256 591 2297 uerbis
626 2257 819 2312 probatur
847 2257 889 2295 et
915 2257 966 2296 ab
995 2256 1085 2296 aliis
1112 2256 1380 2306 confirmatur,
1406 2255 1573 2296 inuitum
1601 2255 1866 2296 Octauianum
1890 2269 1980 2295 cum
2007 2255 2195 2311 Pompeio
2220 2270 2362 2311 pacem
2386 2256 2443 2296 in-

284 2334 386 2384 isse,
419 2337 466 2375 ut
496 2334 666 2389 primam
699 2333 920 2374 renouandi
952 2333 1047 2373 belli
1075 2334 1323 2374 occasionem
1361 2324 1537 2373 studiose
1566 2333 1780 2386 adriperet.
1835 2332 1921 2373 Nec
1952 2333 2132 2373 Velleius
2162 2335 2241 2386 (89,
2274 2336 2326 2384 1.)
2354 2334 2443 2373 red-

285 2413 533 2466 intregatum
560 2424 651 2451 esse
680 2411 830 2452 bellum
858 2413 1023 2466 propter
1050 2414 1298 2452 crescentem
1323 2412 1364 2451 in
1397 2411 1482 2450 dies
1500 2410 1666 2466 Pompei
1683 2410 1900 2465 potentiam
1921 2411 2114 2471 infitiatur
2133 2411 2218 2463 (cfr.
2238 2411 2443 2451 Hoeckius

286 2488 405 2540 257.).
460 2488 552 2535 Qua
579 2501 624 2544 re
654 2487 839 2530 Caesaris
868 2488 957 2529 laus
984 2500 1082 2529 sane
1105 2501 1185 2528 non
1212 2491 1497 2541 exaggeratur.

222 2612 231 2619 s
430 2564 524 2606 Sine
549 2564 674 2622 dubio¹
696 2564 798 2604 falso
824 2564 1008 2605 Velleius
1030 2567 1190 2615 narrat,
1217 2565 1440 2619 Agrippam
1468 2548 1605 2604 statim
1633 2565 1683 2604 ab
1709 2563 1818 2603 initio
1846 2564 1966 2603 classi
1994 2563 2265 2604 aedificandae
2289 2566 2339 2605 ab
2369 2564 2444 2605 Oc·

286 2640 447 2683 tauiano
483 2641 755 2697 praepositum
791 2654 893 2683 esse.
949 2640 1053 2683 Nam
1079 2640 1154 2682 Dio
1176 2625 1256 2694 (48,
1279 2642 1333 2683 46
1362 2657 1397 2696 p.
1427 2640 1534 2692 658.)
1563 2642 1655 2695 post
1691 2641 1845 2682 cladem
1882 2640 2044 2681 demum
2070 2641 2177 2695 apud
2205 2641 2353 2683 Cumas
2381 2656 2444 2683 ac-

287 2718 447 2772 ceptam
478 2718 812 2773 naufragiumque
841 2718 947 2760 circa
973 2717 1171 2759 Vibonem
1199 2718 1349 2759 factum
1377 2718 1428 2767 ad
1458 2717 1683 2774 Agrippam
1711 2717 1927 2760 Caesarem
1956 2717 2154 2771 refugisse
2183 2718 2316 2759 tradit.
2371 2717 2444 2760 Er·

288 2806 355 2834 ror
381 2795 517 2835 autem
544 2794 680 2837 Vellei
708 2808 763 2836 ex
791 2808 839 2836 eo
865 2796 985 2837 natus
1012 2795 1192 2845 uidetur,
1223 2796 1328 2848 quod
1358 2795 1435 2835 duo
1463 2795 1625 2847 quidem
1652 2795 1868 2837 Caesarem
1895 2795 2107 2847 naufragia
2135 2796 2279 2836 fecisse
2308 2796 2444 2836 distin-

286 2869 387 2922 guit,
416 2870 489 2911 sed
516 2871 692 2924 priorem
719 2872 989 2913 calamitatem
1015 2872 1248 2913 Veliensem
1275 2875 1577 2922 commemorat,
1606 2886 1726 2925 quam
1750 2872 1852 2912 duce
1874 2872 2057 2926 Agrippa
2086 2873 2226 2913 elassis
2251 2887 2443 2927 perpessa

289 2948 362 2987 est.
419 2945 561 3000 Neque
591 2949 728 2988 tamen
755 2950 1018 3004 tempestates
1046 2949 1155 2991 solae
1181 2949 1367 3004 patrandi
1393 2948 1488 2990 belli
1514 2963 1628 2990 mora
1654 2951 1772 2990 erant
1796 2949 1847 3001 (2.
1875 2945 1940 2998 ’79,
1958 2950 2024 3000 4.),
2051 2963 2181 3003 neque
2199 2949 2443 2990 Octauianus

288 3024 481 3065 rebellem
508 3025 728 3078 oppressit,-
757 3026 831 3065 sed
858 3026 910 3065 de
941 3039 1097 3066 summa
1119 3040 1255 3066 rerum
1284 3027 1453 3067 certauit
1478 3026 1701 3077 (Hoeokius
1726 3027 1764 3075 2,
1795 3027 1886 3076 61.).
1939 3026 2136 3072 Quoniam
2163 3032 2297 3066 autem
2322 3028 2444 3067 mino-

430 3148 487 3193 ⁵²)
515 3148 668 3187 Quorum
701 3147 742 3183 de
774 3149 967 3186 nominibus
1000 3150 1085 3191 certi
1119 3150 1200 3195 quid
1226 3150 1315 3185 effici
1338 3161 1435 3196 posse
1457 3161 1523 3184 non
1549 3150 1722 3185 uidetur.‘
1759 3151 1878 3184 Menae
1907 3153 1941 3184 et
1970 3150 2159 3185 Menecrati
2179 3150 2316 3185 nomina
2339 3151 2444 3186 fuisse

288 3206 439 3241 Velleius
459 3207 525 3240 vbis
561 3206 684 3246 tradit3
718 3207 895 3252 Appianas
919 3210 960 3250 5,
980 3209 1040 3244 66.
1073 3220 1190 3242 eorum
1220 3209 1362 3242 alterum
1400 3209 1482 3241 dicit
1515 3208 1751 3250 Menedorum,
1793 3209 1937 3241 alterum
1969 3219 2037 3241 non
2061 3209 2223 3254 adpellat.
2268 3211 2445 3244 Fabricius

288 3268 402 3300 autem
428 3266 472 3300 ad
496 3259 597 3301 Dion.
632 3267 690 3307 48,
711 3267 778 3302 30:
800 3267 847 3311 (5,
872 3268 942 3301 556
956 3268 968 3290 ¹
981 3269 1020 3291 ⁸⁸
1047 3269 1131 3311 Sta.)
1161 3269 1280 3301 Menae
1304 3278 1425 3301 nomen
1448 3264 1719 3315 ὑποκοριστικόν
1738 3267 1944 3300 demonstrat
1967 3278 2039 3300 esse
2064 3278 2127 3311 pro
2151 3269 2338 3302 Menedori.

2088 3356 2092 3363 ,
2145 3327 2170 3366 6
