2709 3576
260 175 341 219 Gai
366 179 577 217 enumeret
605 175 658 228 (2.
685 176 724 225 6,
753 175 779 216 2
809 180 853 216 et
878 175 946 227 3.),
973 188 1054 217 11011
1092 178 1192 229 ques
1214 175 1402 220 mun-nt
1424 188 1669 231 progressus
1695 176 1839 219 seditio
1867 176 2079 233 depingat,
2106 179 2202 230 (qua
2226 188 2278 232 ,re
2307 174 2429 216 etiam

259 254 510 309 explicamr,
554 266 627 296 cur
667 252 787 309 primi
820 253 1070 307 alteriusque
1094 253 1324 297 tn’bunatus
1348 254 1465 309 leges
1492 252 1680 297 Velleius
1703 267 1786 304 nou
1810 254 2054 308 distinguam
2096 254 2205 309 qnod
2231 252 2429 298 infaltero

259 330 638 389 essetgrauissime
668 330 1421 392 uituperandum)facileeamlessem
1448 331 1970 386 primumn-amputat,
1997 330 2429 386 qmoteiotnobis

259 408 427 451 maximi
462 407 626 450 uidetur
658 407 862 453 momenti.
888 424 890 426 ·
919 408 1121 456 Quocirca
1147 421 1226 450 non
1252 411 1370 465 puto,
1407 409 1507 453 satis
1532 398 1611 453 sibi
1638 410 1847 460 conatam*
1862 421 1969 463 quae
1993 408 2203 462 Ninchius
2227 408 2324 462 (452
2351 408 2429 462 sq.)

261 486 315 528 ad
351 488 559 528 confusam
585 485 795 527 Plutarchi
830 487 1103 527 narrationem
1133 486 1418 541 explicandam
1446 486 1499 526 de
1528 486 1685 528 duobus
1713 485 1802 529 eius
1828 485 2006 529 tontibus
2031 498 2089 533 ex
2115 485 2274 533 Velleio
2300 485 2429 529 ocub-

264 564 375 606 cerit.
432 563 493 604 Ea
521 576 632 613 uero,
660 575 764 617 quae
784 562 836 602 de
852 562 1092 612 differentia,
1115 576 1237 615 quam
1255 576 1471 617 possumus
1483 563 1808 605 animaduertere
1824 575 1917 604 ease
1935 562 2042 604 inter
2055 562 2213 606 Liuium
2228 562 2430 606 Velleium

261 640 526 684 Plutarchum
541 640 783 696 Appianum,
810 639 989 695 exponit,
1018 639 1229 681 uerissima
1258 642 1364 691 sunt,
1394 642 1441 681 ut
1469 638 1702 693 diligentius
1728 651 1779 682 ea
1802 638 1856 682 de
1885 651 1932 681 re
1950 638 2158 695 disputare
2172 638 2431 694 supersederi

262 721 395 770 queat.
451 718 560 757 Illud
597 728 721 757 unum
739 742 741 744 ·
756 717 932 757 sufficiat
966 717 1143 767 dixisse,
1179 716 1338 759 etiamsi
1378 729 1404 759 a
1430 716 1599 767 fontium
1632 715 1859 760 testimonio
1895 715 2132 760 discesseris
2146 747 2157 766 ‚
2193 715 2262 770 qui
2297 715 2432 760 Vellei

262 795 481 835 narrationi
508 794 667 834 omnino
693 797 941 848 repugnant,
967 794 1035 833 uel
1063 806 1136 848 per
1165 805 1210 833 se
1237 806 1318 834 non
1344 793 1474 835 uideri
1500 793 1719 848 probabile,
1745 792 1892 836 Gaium
1918 792 2048 848 primo
2074 792 2161 835 loco
2187 793 2240 834 de
2267 792 2429 836 ciuitate

263 871 496 912 Italicorum
526 871 661 925 legem
689 871 841 911 tulisse.
918 870 979 912 Eo
1025 871 1130 912 enim
1159 871 1345 912 continuo
1374 871 1416 912 in
1442 871 1577 912 odium
1604 870 1854 926 optimatium
1878 870 2104 912 incurreret
2138 883 2305 912 necesse
2330 874 2429 914 erat.

262 947 349 988 Nec
377 948 464 987 ueri
493 948 622 988 simile
651 953 735 998 est,
781 961 874 988 eum
908 961 981 1003 pro
1008 961 1183 998 summa,
1221 961 1326 1001 quae
1360 949 1400 989 in
1435 961 1483 989 eo
1523 951 1653 999 esset,
1691 947 1925 1001 sagacitate,
1954 950 2048 989 ante
2078 948 2182 989 hanc
2209 947 2343 1001 legem
2368 950 2429 990 tu-

262 1026 370 1076 lisse,
399 1039 519 1080 quam
548 1030 711 1067 ueteres
739 1026 850 1066 ciues
878 1026 968 1067 aliis
996 1026 1154 1080 legibus
1182 1025 1257 1067 sibi
1287 1025 1548 1067 deuiniisset.

1297 1217 1420 1260 vul.

399 1318 487 1358 Iam
516 1332 613 1358 uero
642 1309 784 1372 «16111Ἱ
807 1318 920 1358 Liuio
948 1319 1080 1360 Druso
1109 1319 1324 1359 dicendum
1353 1322 1436 1369 est,
1465 1320 1515 1371 (2.
1551 1319 1610 1368 13,
1643 1319 1720 1370 14.)
1748 1318 1790 1358 in
1815 1299 1935 1372 quiem
1961 1318 2096 1360 inuehi
2124 1318 2316 1372 cuiusque
2345 1318 2428 1360 lau-

262 1395 359 1435 dum
393 1408 537 1435 caussa
564 1394 766 1436 Velleium
802 1395 997 1436 acerrime
1034 1396 1265 1451 uituperare
1301 1396 1443 1437 solent.
1484 1396 1556 1449 (II,
1586 1397 1640 1448 7.)
1711 1395 1766 1436 Et
1800 1409 1897 1436 uere
1926 1395 2108 1437 Velleius
2143 1396 2304 1437 uidetur
2337 1408 2428 1437 esse

262 1473 566 1527 uituperandus,
596 1486 675 1513 non
703 1473 797 1527 quia
824 1473 1006 1515 laudauit
1032 1473 1222 1523 Drusum,
1253 1474 1326 1515 sed
1354 1473 1446 1527 quia
1474 1476 1557 1515 tam
1585 1472 1691 1514 male
1719 1473 1910 1514 laudauit.

401 1550 462 1590 Ac
488 1550 660 1605 primum
693 1550 874 1604 quidem,
917 1565 1020 1605 quae
1048 1551 1100 1592 de
1128 1551 1290 1604 ingenio
1317 1551 1571 1604 moribusque
1598 1550 1721 1590 Drusi
1752 1549 1936 1591 Velleius
1963 1550 2173 1599 disseruit,
2209 1551 2303 1604 quin
2330 1565 2429 1593 uera

265 1627 356 1676 sint,
385 1627 455 1667 uix
485 1628 696 1681 quisquam
722 1627 764 1668 in
793 1627 956 1668 dubium
986 1628 1154 1668 uocabit.
1209 1627 1314 1669 Nam
1342 1641 1445 1681 quae
1474 1629 1524 1668 ab
1551 1627 1719 1667 Aurelio
1750 1626 1933 1676 Victore,
1962 1628 2029 1679 qui
2059 1628 2223 1676 dicitur,
2251 1628 2339 1679 (uir.
2371 1628 2426 1668 ill.

265 1705 345 1753 66.)
375 1704 415 1742 in
445 1717 536 1742 eum
566 1704 743 1743 conuicia
771 1704 1029 1756 ingeruntur:
1061 1716 1154 1742 eum
1181 1695 1358 1759 1166111116
1370 1706 1601 1759 corruptum
1618 1702 1864 1757 Magulsum‚
1891 1702 2169 1747 Mauretaniae
2198 1703 2429 1759 principem,

264 1781 421 1821 Boccho
449 1781 673 1835 prodidisse
686 1812 696 1831 ,
724 1781 913 1836 Caepioni
942 1782 1134 1822 minatum
1163 1794 1274 1831 esse,
1305 1794 1349 1821 se
1376 1782 1498 1822 istum
1526 1781 1577 1821 de
1605 1793 1706 1823 saxo
1735 1780 1907 1837 Tarpeio
1933 1780 2308 1837 praecipitaturum,
2339 1795 2429 1823 con-

265 1860 342 1898 suli
369 1861 409 1898 in
439 1860 607 1899 comitiis
637 1861 784 1899 collum
812 1860 1042 1908 obtorsisse,
1071 1862 1115 1897 ut
1142 1859 1308 1911 sanguis
1337 1872 1360 1898 6
1381 1859 1544 1899 naribus
1568 1859 1773 1899 efflueret:
1804 1871 1854 1900 ea
1877 1858 2024 1915 partim
2046 1857 2320 1901 ineeredibilia
2335 1860 2429 1901 sunt

264 1951 338 1977 nec
377 1951 401 1977 a
435 1951 634 1990 quoquam
671 1937 749 1977 alio
777 1937 1082 1986 confirmantur,
1127 1937 1273 1992 partim
1310 1937 1406 1977 nihil
1443 1938 1633 1992 probant,
1673 1936 1750 1977 nisi
1775 1936 1901 1978 trucis
1928 1939 1971 1979 et
1997 1936 2160 1992 superbi
2188 1936 2310 1979 animi
2338 1931 2430 1978 eum

264 2016 400 2054 fuisse.
430 2016 515 2067 (cfr.
548 2015 638 2055 Val.
668 2015 780 2055 Max.
810 2016 846 2054 9.
877 2017 915 2064 5,
941 2016 995 2066 2.)
1049 2014 1189 2055 Talem
1213 2020 1351 2056 autem
1380 2014 1523 2064 uirum,
1551 2013 1794 2054 nobilissimo
1825 2013 1911 2055 loco
1939 2017 2078 2055 natum
2106 2017 2227 2068 atque
2254 2014 2427 2069 partium

266 2094 431 2134 senatus
475 2096 616 2139 antea,
663 2095 707 2131 ut
747 2092 981 2141 uidebatur,
1026 2092 1343 2141 tenacissimum,
1393 2091 1642 2145 optimatium
1687 2091 1851 2131 consilia
1888 2091 1990 2131 adeo
2033 2091 2246 2140 deserere,
2292 2094 2338 2132 ut
2378 2092 2431 2132 ad

264 2168 469 2209 ciuitatem
506 2168 623 2209 sociis
658 2168 835 2209 dandam
872 2168 1151 2218 delaberetur,
1195 2182 1245 2209 ea
1280 2181 1358 2209 res.
1385 2171 1467 2209 tam
1494 2168 1660 2218 mirifica
1694 2168 1783 2210 uisa
1807 2171 1871 2209 est
1897 2181 2033 2209 rerum
2061 2168 2342 2224 scriptoribus,
2386 2172 2431 2210 ut

265 2260 339 2287 sua
376 2247 544 2299 quisque
584 2246 649 2287 uia
683 2246 892 2299 ingressus
917 2260 1153 2301 componere
1180 2260 1270 2287 eam
1300 2251 1421 2298 atque
1450 2245 1635 2285 ordinare
1663 2248 1918 2300 temptarent.
1976 2245 2131 2287 Velleio
2158 2250 2295 2287 autem
2322 2246 2429 2288 male

265 2325 452 2365 hercules
480 2339 546 2364 res
574 2325 750 2377 contigit.
824 2325 977 2366 Narrat
1003 2325 1109 2364 enim
1136 2325 1313 2364 Drusum
1340 2323 1514 2363 uoluisse
1544 2327 1728 2363 senatum
1752 2323 1794 2362 in
1821 2323 1997 2364 anticum
2024 2325 2174 2363 statum
2202 2323 2425 2364 restituere.

264 2401 408 2454 Itaque
438 2401 496 2453 (P.
525 2401 677 2441 Rutilio
714 2403 756 2442 in
793 2403 931 2456 primis
965 2402 1222 2442 iniustissime
1258 2401 1540 2452 condemnato)
1583 2400 1730 2441 iudicia
1767 2400 1804 2440 ei
1840 2400 1986 2441 reddit.
2045 2400 2127 2442 Sed
2163 2401 2205 2442 in
2233 2401 2293 2442 eis
2318 2401 2428 2456 ipsis,

263 2492 367 2532 quae
395 2479 569 2519 faciebat
595 2493 669 2533 pro
698 2483 862 2528 senatu,
891 2482 1077 2521 senatum
1100 2479 1238 2520 habuit
1266 2478 1564 2528 aduersarium,
1592 2478 1738 2534 quippe
1766 2478 1835 2532 qui
1866 2491 1944 2519 non
1970 2478 2249 2531 intellegeret,
2274 2478 2346 2519 illa
2372 2477 2430 2519 in-

264 2557 464 2597 escandae
492 2556 758 2597 multitudinis
783 2570 927 2598 caussa
955 2557 1054 2615 ficri,
1081 2561 1126 2597 ut
1152 2556 1370 2598 minoribus
1395 2569 1420 2596 a
1447 2560 1590 2597 senatu
1614 2555 1722 2610 plebi
1751 2555 1969 2606 concessis,
1995 2555 2147 2601 maiora
2173 2568 2199 2596 a
2221 2555 2341 2611 plebe
2369 2567 2431 2596 se-

263 2635 376 2675 natui
429 2635 756 2676 concederentur.
829 2634 933 2675 Tum
970 2635 1067 2676 dicit
1107 2648 1346 2676 conuersum
1383 2633 1503 2694 Drusi
1550 2634 1725 2675 animum
1760 2634 1813 2673 ad
1848 2633 2054 2673 ciuitatem
2089 2632 2206 2671 sociis
2242 2632 2428 2674 dandam.

265 2710 384 2758 Quod
412 2726 490 2765 quo
520 2711 651 2751 minus
676 2712 891 2766 perficeret
905 2714 955 2753 ab
976 2713 1231 2754 interfectore
1252 2725 1345 2752 eum
1361 2724 1451 2752 esse
1472 2711 1723 2768 prohibitum.
1766 2710 1857 2752 Hac
1873 2710 1916 2751 in
1931 2709 2159 2753 narratione
2175 2711 2307 2752 omnia
2323 2711 2430 2753 male

264 2792 548 2841 coagmentata
588 2792 691 2829 sunt.
748 2789 855 2837 Quid
893 2789 1025 2830 enim?
1061 2789 1243 2843 intellegi
1273 2788 1384 2830 nullo
1409 2788 1526 2830 modo
1554 2791 1709 2844 potest,
1737 2800 1842 2841 quae
1868 2787 1910 2828 in
1935 2787 2129 2837 omnibus,
2153 2788 2204 2829 ab
2230 2800 2279 2828 eo
2299 2787 2429 2836 factis,

264 2865 422 2904 Drusus
451 2866 706 2920 spectauerit.
749 2866 922 2907 Senatus
953 2867 990 2906 ei
1019 2866 1164 2907 dicitur
1194 2868 1433 2907 obuersatus
1459 2878 1562 2916 esse,
1592 2867 1809 2920 propterea
1834 2864 1941 2918 quod
1966 2863 2035 2905 ille
2052 2863 2198 2919 populo
2213 2863 2430 2917 quidquam

264 2942 362 2982 dare
391 2943 526 2982 nollet.
582 2943 663 2984 Sed
693 2943 749 2983 nil
775 2943 893 2984 uideo
917 2943 1064 2999 populo
1093 2943 1268 2994 concedi,
1298 2955 1389 2984 cum
1416 2942 1487 2984 lex
1509 2941 1718 2984 iudiciaria
1744 2940 1801 2983 ita
1829 2943 2046 2997 conparata
2068 2940 2132 2991 sit,
2161 2945 2206 2982 ut
2232 2940 2341 2982 solus
2360 2938 2430 2981 Se-

263 3022 383 3060 natus
414 3033 468 3059 ex
498 3033 548 3061 ea
573 3022 748 3061 fructum
776 3020 918 3076 capiat.
974 3020 1080 3062 Mira
1106 3021 1231 3074 igitur
1253 3020 1418 3062 lenitate
1447 3021 1581 3074 legem
1609 3019 1811 3073 agrariam
1837 3019 1959 3061 Drusi
1985 3019 2126 3061 omisit.
2171 3019 2280 3060 Illud
2304 3030 2428 3059 unum

264 3111 287 3137 e
321 3097 478 3138 Velleio
516 3098 792 3148 confirmatur,
839 3099 944 3153 quod
973 3105 1038 3139 est
1064 3099 1305 3148 maximum,
1345 3112 1370 3139 a
1398 3099 1572 3140 Senatus
1597 3098 1780 3154 partibus
1810 3097 1987 3138 Drusum
2013 3096 2195 3147 stetisse,
2233 3096 2306 3136 sed
2333 3094 2429 3148 quid

262 3174 472 3216 moliretur
498 3174 693 3216 Senatum
720 3189 800 3217 non
829 3176 1100 3231 perspexisse.
1131 3176 1227 3229 (Cic.
1256 3189 1330 3231 pro
1358 3176 1515 3218 Cluent.
1546 3177 1568 3230 S
1601 3176 1706 3226 143.)

405 3253 555 3295 Contra
581 3253 790 3308 Appianus
822 3252 881 3306 (B.
911 3252 954 3294 C.
990 3254 1023 3303 1,
1049 3253 1130 3305 35.)
1158 3266 1244 3294 rem
1272 3252 1329 3294 ita
1357 3254 1541 3308 expedit,
1577 3255 1624 3294 ut
1651 3252 1828 3295 Drusum
1855 3252 2026 3307 primam
2053 3252 2187 3304 legem
2226 3249 2429 3305 εει-6116111
