2709 3576
1300 108 1364 160 1⁹

249 221 393 265 misse
414 223 583 271 -narret,
618 233 698 274 quo
733 220 926 276 populum
958 219 1035 262 sibi
1065 219 1299 263 deliineiret.
1362 220 1518 263 Deinde
1556 222 1690 276 legem
1725 221 1972 263 iudiciariam
2009 223 2109 273 fert,
2144 236 2225 277 qua
2251 224 2409 265 senatui

248 298 478 342 unzi-diois
503 297 741 348 redduntur,
769 300 817 340 ut
844 298 885 339 ei
907 297 1021 340 CCC.
1047 297 1206 351 equites
1232 298 1466 340 adiciantur.
1504 299 1640 347 ·Quae
1668 300 1801 342 omnia
1827 313 1875 341 eo
1901 300 2092 351 tendunt,
2121 305 2167 341 ut
2195 301 2327 342 Italici
2356 302 2409 342 ci·

249 378 416 419 m
445 376 727 431 *ἅψιῡαιῢιιῐ
753 376 796 428 (l.
823 388 857 416 c.
887 377 942 418 36
966 390 1004 430 p.
1034 376 1100 417 59.
1136 377 1240 429 ὁτιὴ)
1277 371 1337 420 ὧν
1374 382 1444 420 καὶ
1480 378 1650 430 μάλιστα
1689 384 1819 420 ταῦτα
1845 380 2090 431 ἐτέχναζεν.)
2156 378 2261 419 Nam
2289 383 2409 420 antes

247 454 329 497 ian
362 466 456 495 em
482 453 569 495 illis
589 453 837 509 promiserat.
898 452 982 495 0111·
1007 455 1145 495 autem
1171 453 1268 495 socii
1295 453 1473 496 Drusum
1502 454 1751 510 potissimum
1775 454 1994 509 eligerent,
2041 455 2215 510 partium
2242 461 2407 498 senatus

248 529 489 573 acerrimam
515 532 871 585 mummium,
900 529 968 583 qui
992 542 1179 570 caussam
1208 533 1410 581 tueretur,
1439 544 1519 572 non
1548 531 1672 572 addit.
1730 531 1951 573 Praeterea
1977 533 2052 573 hoc
2077 545 2176 573 sane
2203 534 2406 573 absurdis-

247 607 349 649 ὼθ
375 619 401 648 a
425 606 560 648 Druso
585 607 737 650 fictum
763 610 885 648 esset.
933 606 1089 659 Legem
1113 607 1221 647 enim
1246 608 1479 649 iudicariam
1516 609 1661 658 talem,
1688 610 1848 662 qualem
1876 617 2129 664 proponeret,
2157 611 2209 650 ab
2237 616 2406 663 utroque

248 683 387 728 ord-ine
413 683 582 726 moleste
608 683 735 726 latum
764 682 814 724 iri
848 685 1013 737 (σοφαῖς
1046 684 1126 738 μὲν
1164 684 1216 728 οὔ
1256 685 1489 738 δυνάιιενος
1518 690 1558 737 ἐς
1586 686 1661 742 τὴν
1688 690 1724 739 β(
1728 685 1844 741 »πλὴν
1876 690 2111 743 ἐπαιεγκείν
2139 705 2186 730 τα
2219 690 2407 742 δικαστή

249 778 334 814 otu.
363 762 504 815 rqmi',
494 773 566 805 ων
597 758 634 804 δ’
662 764 703 810 ἐς
738 762 953 813 ἑκατέρους
984 756 1113 813 ὦδεῃ)
1145 760 1262 803 facile
1291 766 1380 804 erat
1406 762 1623 805 intellectu.
1681 762 1810 805 Multo
1833 763 1957 817 igitur
1977 763 2120 805 melius
2135 763 2221 815 fuit,
2250 764 2405 806 1111186-

247 840 392 882 ntum
421 839 519 880 aut
509 837 683 891 equites
721 836 936 879 deuincire.
1007 836 1176 880 Etiamsi
1210 840 1345 880 autem
1382 844 1596 893 utrumque
1635 840 1815 881 ordinem
1845 840 1919 882 sibi
1955 840 2225 890 deuinxisset,
2271 846 2405 882 tamen

246 916 381 969 legem
396 915 569 958 Gracchi
593 918 827 957 renouatam
854 929 880 957 a
896 915 1050 957 Senatu
1075 929 1154 957 non
1171 929 1289 970 posse
1309 917 1536 967 adiuuari,
1524 930 1612 971 ipse
1632 917 1770 958 debuit
1789 918 2028 972 perspicere,
2077 917 2134 958 Vt
2148 931 2246 959 uero
2262 918 2358 958 lex
2346 932 2404 959 111-

246 992 411 1035 diciaria
440 993 561 1038 fuerit
587 992 809 1042 artificium,
834 992 1045 1034 artificium
1072 995 1148 1042 est,
1175 1006 1253 1046 quo
1281 1007 1360 1035 non
1387 994 1504 1035 facile
1534 998 1667 1049 potest
1695 995 1781 1035 fieri
1808 995 2085 1036 miserabilius.
2130 995 2281 1036 Addita
2296 995 2402 1036 enim

245 1072 316 1114 illa
341 1072 393 1112 de
410 1071 627 1125 corruptis,
643 1070 840 1112 iudicibus
867 1070 1059 1122 clausula,
1086 1070 1253 1125 equites,
1280 1072 1451 1127 saepius,
1479 1072 1587 1126 quod
1602 1086 1740 1114 omnes
1761 1072 1953 1122 sciebant,
1977 1072 2165 1127 corrupti,
2192 1072 2403 1114 inritaren·

245 1151 313 1189 tur
347 1149 520 1202 oportuit
547 1148 642 1200 (Cic.
671 1163 707 1202 p.
738 1148 894 1189 Cluent.
926 1149 948 1201 S
980 1149 1066 1190 143.
1096 1162 1132 1202 p.
1165 1148 1265 1189 Rab.
1295 1148 1401 1190 Post.
1432 1151 1454 1203 ξ
1487 1151 1576 1201 16.).
1633 1149 1813 1202 Denique
1846 1150 1967 1191 etiam
1994 1150 2100 1199 socii,
2125 1150 2192 1203 qui
2218 1150 2259 1191 in
2284 1149 2403 1191 Etru·

245 1225 304 1267 ria
333 1224 578 1278 Vmbriaque
606 1224 816 1266 latifundia
841 1224 1111 1279 possiderent,
1151 1210 1269 1279 (App.
1301 1225 1325 1265 l.
1353 1239 1385 1266 c.
1410 1227 1472 1267 46.
1503 1241 1539 1280 p.
1570 1226 1652 1277 53.)
1687 1225 1819 1267 Druso
1848 1226 2070 1269 aduersarii
2092 1233 2227 1276 erant,
2279 1234 2324 1267 ut
2350 1240 2401 1267 ne

245 1302 397 1344 Italicis
423 1302 585 1355 quidem
612 1316 667 1343 ex
696 1301 801 1343 omni
827 1303 943 1356 parte
969 1301 1068 1354 satis
1095 1301 1239 1342 fecisse
1267 1301 1482 1343 uideretur.

378 1379 511 1420 Aliam
539 1379 644 1420 uiam
671 1391 810 1419 eorum
835 1391 939 1432 quae
964 1378 1122 1419 Drusus
1149 1379 1302 1419 faceret
1327 1379 1657 1433 explicandorum
1684 1380 1891 1432 ingressus
1920 1387 1983 1420 est
1997 1379 2134 1420 Liuius
2163 1382 2270 1433 (71.).
2319 1381 2400 1428 Qm

244 1457 420 1497 Drusum
448 1458 612 1496 senatus
641 1468 826 1496 caussam
855 1468 903 1496 eo
931 1455 1037 1496 tueri
1062 1455 1238 1495 uoluisse
1263 1456 1420 1505 scribit,
1450 1459 1496 1496 ut
1524 1456 1706 1510 pellectis
1734 1470 1805 1510 spe
1837 1457 2010 1497 ciuitatis
2036 1458 2152 1498 sociis
2183 1458 2315 1510 legem
2342 1458 2399 1498 iu·

244 1534 448 1574 diciariam
478 1534 687 1587 perferret.
758 1533 816 1573 At
841 1533 993 1573 Italicis
1025 1537 1096 1573 aut
1127 1533 1223 1573 data
1260 1537 1323 1573 est
1357 1536 1450 1573 ante
1480 1534 1615 1585 legem
1647 1534 1891 1574 iudiciariam
1922 1535 2064 1574 ciuitas
2092 1541 2162 1575 aut
2189 1549 2282 1588 spes
2313 1536 2399 1575 eius

243 1611 525 1665 adipiscendae
540 1612 658 1650 facta.
702 1610 883 1656 Quorum
898 1611 1059 1663 quidem
1071 1611 1172 1650 illud
1192 1610 1276 1650 sine
1292 1610 1409 1649 dubio
1425 1610 1572 1650 salsum
1587 1615 1676 1650 est..
1711 1612 1812 1652 Cum
1827 1611 1932 1651 enim
1949 1611 2106 1651 Drusus
2124 1625 2294 1665 uespero
2314 1612 2399 1652 eius

243 1690 322 1728 diei
349 1689 583 1727 interfectus
614 1688 686 1736 sit,
711 1688 779 1739 qui
802 1688 981 1736 comitia,
1008 1689 1059 1726 de
1089 1688 1158 1727 illa
1183 1688 1413 1739 quaestione
1441 1692 1671 1734 conuocata,
1702 1689 1984 1740 praecederet,
2014 1689 2157 1736 elucet,
2186 1689 2319 1739 legem
2346 1689 2397 1727 de

243 1765 404 1806 ciuitate
433 1779 512 1805 non
549 1765 642 1805 ante
678 1763 811 1816 legem
850 1762 1098 1804 iudiciariam
1130 1762 1254 1804 latam
1289 1776 1390 1803 esse.
1448 1761 1519 1804 Sin
1543 1767 1679 1809 autem
1708 1776 1801 1818 spes
1829 1763 2103 1805 tantummodo
2131 1764 2303 1805 ciuitatis
2333 1765 2398 1805 ob-

240 1843 428 1884 tinendae
464 1841 581 1882 sociis
618 1843 725 1883 facta
760 1844 835 1891 est,
867 1854 986 1894 quem
1019 1841 1072 1882 ad
1093 1841 1254 1881 modum
1283 1854 1419 1881 eorum
1446 1853 1570 1895 opere
1599 1840 1650 1881 ad
1680 1840 1812 1894 legem
1842 1840 2087 1882 iudiciariam
2116 1842 2396 1896 perferendam

242 1920 300 1961 uti
327 1920 514 1979 potuerit,
543 1933 622 1960 non
646 1918 896 1973 perspicitur.

376 1999 491 2045 Quae
521 2011 612 2038 cum
639 1996 696 2038 ita
722 1997 813 2046 sint,
840 1996 896 2037 nil
921 1998 1060 2045 restat,
1087 1996 1163 2036 nisi
1189 1999 1234 2036 ut
1250 1995 1448 2036 Velleium
1476 1988 1692 2049 sequamur
1710 1996 1922 2037 obscurata
1943 2009 2052 2045 sane,
2079 1997 2151 2036 sed
2172 2003 2282 2037 reeta
2303 2010 2392 2037 nar·

242 2079 406 2116 rantem.
441 2074 659 2128 .Populum
693 2074 798 2114 enim
834 2074 927 2126 lege
959 2073 1120 2126 agraria
1164 2073 1239 2114 sibi
1274 2073 1448 2113 deuincit
1476 2072 1653 2122 Drusus,
1702 2079 1746 2112 ut
1781 2072 1986 2113 iudiciaria
2022 2073 2166 2114 iudicia
2195 2074 2394 2126 equitibus

240 2152 401 2207 eripiam
430 2151 575 2191 deinde
602 2152 705 2191 bene
733 2151 986 2203 intellegens,
1018 2150 1211 2191 Senatum
1237 2150 1408 2190 firmiore
1436 2150 1638 2204 potentiae
1663 2150 1921 2190 fundamento
1952 2151 2043 2199 uiti,
2074 2151 2108 2189 si
2137 2152 2188 2190 ab
2216 2151 2302 2205 ipso
2333 2164 2394 2200 ea,

239 2243 342 2283 quae
374 2229 581 2273 Gracchus
608 2229 760 2270 frustra
787 2228 1050 2282 postulasset,
1094 2228 1200 2268 ultro
1230 2228 1563 2277 concederentur,
1602 2227 1735 2280 legem
1767 2227 1818 2266 de
1844 2227 2005 2267 ciuitate
2030 2228 2136 2268 tulit..
2167 2228 2395 2280 (Mommse-

239 2308 330 2347 nius
357 2307 396 2357 2,
421 2307 529 2357 212.)
585 2306 747 2358 Fugere
785 2305 892 2346 enim
927 2318 1021 2345 eum
1045 2318 1124 2346 non
1152 2305 1297 2359 potuit,
1324 2304 1581 2345 iustissimam
1609 2317 1699 2344 esse
1725 2304 1921 2344 sociorum
1953 2318 2137 2346 caussam
2166 2307 2216 2358 (2.
2255 2307 2311 2354 15,
2340 2307 2393 2357 ·2),

237 2396 368 2436 neque
394 2382 479 2423 ulla
507 2382 586 2423 alia
613 2396 657 2423 re
684 2382 814 2435 magis
842 2385 1007 2423 senatus
1028 2395 1213 2423 caussam
1245 2394 1362 2436 posse
1390 2381 1657 2437 corroborari,
1688 2381 1763 2421 nisi
1790 2394 1850 2430 ea,
1879 2381 1985 2434 quod
2013 2395 2129 2422 suum
2157 2383 2297 2435 cuique
2326 2382 2395 2422 tri-

241 2461 395 2501 bueret.
425 2458 613 2512 (Peterus
642 2460 680 2509 2,
708 2460 789 2511 90.)
841 2459 1057 2500 Senatores
1083 2462 1219 2499 autem
1248 2458 1342 2512 quid
1367 2458 1426 2498 eis
1453 2458 1696 2498 conduceret
1723 2458 1845 2506 obliti,
1874 2471 1924 2497 ne
1952 2458 2064 2499 inuiti
2093 2459 2392 2508 adiuuarentur‚

239 2550 332 2577 eum
356 2537 646 2577 interfecerunt
672 2536 974 2589 (Mommsenius
1001 2536 1040 2584 2,
1067 2536 1175 2586 215.)
1188 2537 1261 2586 ¹³).

1244 2726 1386 2770 vnn.

371 2829 589 2871 Acceditur
626 2844 731 2871 nunc
762 2830 815 2870 ad
851 2842 900 2870 ea
935 2835 1131 2883 tempora,
1177 2841 1280 2881 quae
1308 2827 1491 2869 Caesaris
1528 2832 1621 2868 sunt
1662 2827 1855 2882 propiora.
1914 2828 1994 2869 Sed
2025 2828 2092 2881 qui
2118 2829 2278 2869 illorum
2305 2830 2390 2870 sine

237 2904 356 2945 dubio
384 2918 564 2946 summus
596 2909 685 2946 erat
712 2911 755 2946 et
781 2906 939 2959 ingenio
963 2905 1071 2945 ciuili
1099 2908 1141 2944 et
1168 2909 1260 2954 arte,
1286 2904 1447 2952 bellica,
1477 2903 1687 2945 Cornelius
1714 2904 1837 2952 Sulla,
1867 2917 1891 2943 a
1919 2905 2098 2957 partibus
2130 2906 2264 2945 stabat
2292 2906 2392 2946 Cae-

236 2981 317 3023 sari
343 2979 606 3030 aduersariis3
643 2985 782 3024 contra
808 2982 963 3024 Marius
992 2982 1123 3023 eidem
1151 2984 1238 3022 erat
1267 2980 1416 3022 adfinis,
1475 2980 1567 3028 Quo
1594 2981 1658 3030 fit,
1688 2982 1733 3020 ut
1762 2979 1943 3020 Velleius
1968 2980 2086 3021 insita
2113 2979 2300 3022 Caesaris
2322 2995 2390 3022 ue·

235 3050 461 3108 neratione,
496 3072 599 3112 quae
630 3059 742 3101 Sulla
768 3048 917 3113 magna
944 3059 1179 3115 perfecerit,
1208 3073 1285 3100 non
1315 3057 1438 3113 possit
1469 3061 1579 3099 recte
1609 3057 1833 3107 aestimare,
1860 3057 2097 3112 praesertim
2125 3071 2215 3098 cum
2244 3072 2294 3098 116
2326 3059 2388 3101 Ci-

360 3182 428 3225 -¹⁸)
455 3183 547 3216 Num
561 3182 694 3220 Drusus
717 3193 739 3216 a
753 3182 879 3217 Senatu
899 3183 1096 3217 interfectus
1114 3183 1169 3225 sit,
1197 3182 1343 3216 velleius
1369 3180 1503 3224 quidem
1529 3180 1690 3224 relinquit
1704 3180 1739 3213 in
1757 3179 1878 3222 medio,
1908 3179 2033 3223 conligi
2049 3184 2162 3214 tamen
2177 3191 2253 3215 eum
2270 3181 2320 3215 ita
2335 3193 2390 3216 ar·

188 3261 199 3263 >
234 3238 356 3273 bien-i
385 3250 427 3273 ex
457 3239 614 3273 uui-ersa
652 3239 703 3272 rei
728 3237 953 3285 description
974 3244 1097 3285 potest.
1122 3254 1168 3266 -ι-
1190 3241 1318 3284 Operae
1340 3243 1452 3272 autem
1474 3239 1623 3282 pretium
1649 3238 1787 3271 uidetur
1809 3239 1992 3282 inspicere,
2031 3250 2117 3282 quae
2141 3239 2197 3273 his
2222 3239 2263 3273 de
2289 3241 2389 3275 rebus

234 3303 441 3332 commentus
470 3302 521 3332 est
547 3297 717 3340 Sigonius,
744 3298 785 3332 de
810 3303 879 3333 ant.
902 3299 967 3335 iur.
993 3299 1036 3332 It.
1061 3301 1094 3340 3,
1123 3302 1135 3331 1
1164 3311 1197 3343 p.
1226 3301 1291 3332 746
1318 3297 1432 3342 (Halis
1459 3300 1573 3334 1718).

2049 3356 2073 3399 3
2092 3356 2119 3380 «ιιι
