2709 3576
257 229 363 272 M
384 229 612 280 vomens,
640 229 751 284 quod
779 229 962 271 Velleius
989 237 1078 271 uon
1104 223 1206 271 satis
1231 230 1407 269 dilucide
1433 230 1665 285 descripsit,
1702 231 1753 270 ab
1779 230 1929 270 Antoni
1955 230 2128 269 consiliis
2157 229 2258 269 adeo
2283 231 2415 270 fuerat

258 308 436 359 alienus,
477 309 528 348 ut·
563 308 704 348 ouum
736 306 784 347 L
821 306 972 348 Antoni
1006 308 1150 361 ⁴legem
1172 307 1394 360 agrariam
1434 308 1652 348 orationem
1689 308 1858 347 haberet
1892 306 1987 359 (Cic.
2016 307 2068 347 ad
2096 307 2180 346 Att.
2216 308 2284 356 14,
2318 307 2412 358 20.)

257 379 578 433 Postea-aueum,
603 382 1036 439 Smpruuinchm
1054 383 1227 425 iuuante
1245 381 1419 424 Antonio
1450 384 1622 438 adeptus
1635 384 1699 435 ⁴⁰)
1728 385 1846 439 (App.
1866 385 1904 426 3.
1924 384 1961 434 8,
1986 384 2074 435 16,),
2100 383 2167 423 uel
2194 383 2411 424 invervn.

257 461 366 504 uiros
402 461 564 504 cresum
596 462 699 514 est,
722 460 791 516 qui
827 473 883 503 ex
907 460 980 503 illa
1004 460 1099 515 lege
1124 459 1221 503 facti
1246 463 1342 502 sunt
1368 459 1593 514 (Cicrhil.
1624 461 1649 503 8
1675 461 1697 516 §
1723 461 1761 512 9,
1795 458 1895 516 14¹5
1924 462 1989 510 6.).
2042 459 2145 501 Tum
2173 460 2344 502 Antonio
2372 461 2412 502 in

258 537 492 594 campanis
507 539 693 582 morante·
718 538 781 593 ¹(id
807 537 915 592 quod
941 536 1124 580 Velleius
1149 549 1202 579 ne
1228 543 1512 580 commemorat
1537 537 1734 593 quidem),
1763 538 1895 580 denuo
1923 538 1975 579 ad
2003 537 2251 593 optimatium
2277 541 2413 593 partes

257 615 422 658 inclinat
449 615 577 670 (Suet.
604 615 680 657 Iul.
698 615 807 666 85.).·
839 615 983 670 Itaque
1009 627 1129 669 quem
1154 614 1332 656 furorem
1357 615 1564 656 consulum
1591 614 1773 656 Velleius
1798 616 1924 656 fuisse
1948 615 2057 656 dicat
2084 616 2137 667 (2.
2156 616 2220 665 60,
2248 617 2316 665 4.),
2347 616 2414 668 qui

258 696 374 745 tunc,
393 693 546 735 Romae
572 694 653 735 iam
672 695 855 735 morante
871 692 1104 743 Octauiano,
1130 695 1374 747 erumperet,
1403 692 1565 734 difficile
1594 695 1658 734 est
1683 697 1907 748 perspectu.
1953 692 2057 734 Nam
2086 693 2191 747 quod
2217 692 2414 734 Antonius

259 770 307 811 D.
336 770 452 811 Bruti
475 771 563 812 loco
597 770 773 812 Galliam
800 769 1043 825 Cisalpinam
1072 772 1309 810 consecutus
1337 772 1412 819 est,
1443 783 1533 810 cum
1561 783 1640 810 non
1669 770 1797 810 solum
1828 770 2056 819 Dolabella,
2082 771 2155 810 sed
2186 770 2307 811 etiarn
2338 769 2412 810 Oc-

259 848 496 890 tauiushac
521 847 563 889 in
592 860 637 889 re
665 848 703 888 ei
731 846 942 901 suffiagati
970 847 1061 897 sint,
1087 859 1168 888 non
1194 849 1328 901 potest
1356 847 1571 899 significari
1599 847 1690 899 (Dio
1712 848 1776 897 45,
1805 847 1841 888 8.
1870 847 1973 901 App.
2003 847 2041 896 3,
2068 847 2120 888 39
2149 849 2235 900 sq.).

400 924 570 967 Omnino
597 927 733 968 autem
759 925 913 967 clarum
940 927 1025 976 est,
1063 924 1279 966 Antonium
1314 937 1339 966 a
1366 923 1522 965 Velleio
1561 923 1780 965 acerbitate
1814 924 2121 978 haudquaquam
2146 924 2290 965 merita
2318 937 2414 965 exa-

218 1015 232 1030 ·
258 1003 379 1056 gitari
407 1003 505 1054 (1131,
532 1005 600 1050 9.).
653 1003 777 1045 Cuius
812 1002 872 1043 rei
905 1001 1096 1057 exempla
1122 1001 1300 1042 locorum
1327 1000 1571 1042 abundantia
1599 1001 1751 1041 adferri
1772 1001 1916 1056 possit:
1953 1001 1988 1041 2.
2019 1001 2084 1050 63,
2115 1003 2147 1041 1.
2182 1000 2300 1050 (dum
2323 1008 2417 1042 erat

259 1080 459 1131 sobn’us.)
476 1081 540 1130 73,
556 1082 592 1122 2.
611 1081 810 1133 (αἰνύμεθα
832 1094 941 1136 quae
959 1077 1170 1121 ahter-dum
1187 1078 1235 1120 in
1250 1093 1296 1120 eo
1311 1084 1462 1131 erant.)
1491 1079 1555 1129 85,
1573 1080 1598 1119 5
1628 1094 1665 1134 p.
1684 1080 1773 1120 357.
1808 1080 2117 1135 (imperatorem
2128 1078 2418 1136 fuqactissz'mi

259 1156 621 1213 militisfhncwm
637 1161 725 1198 esse
739 1156 917 1212 officio.)
938 1156 1001 1205 87,
1017 1158 1049 1197 1.
1068 1158 1134 1205 (ut
1147 1155 1281 1198 multa
1291 1156 1481 1198 demum
1500 1157 1685 1198 crimina
1703 1164 1833 1198 morte
1848 1156 2101 1205 redimeret).
2127 1156 2234 1202 Quid
2253 1152 2414 1195 autem?

258 1233 485 1273 mirandum
516 1246 594 1273 non
631 1235 696 1273 est
732 1245 863 1285 neque
889 1234 1036 1286 probro
1060 1232 1301 1272 uertendum
1331 1233 1523 1282 Antonio,
1553 1231 1660 1285 quod
1687 1230 1918 1281 Octauium,
1953 1233 2073 1272 ualde
2101 1231 2175 1286 ipsi
2203 1232 2413 1272 incommo-

258 1311 372 1360 dum,
408 1310 579 1365 primum
615 1313 725 1350 metu
762 1310 982 1350 exturbare
1017 1308 1285 1364 temptauerit.
1338 1309 1440 1350 Nam
1473 1309 1633 1364 adoptio
1661 1309 1742 1359 illa,
1770 1322 1872 1362 quae
1903 1308 2050 1349 dicitur
2077 1308 2262 1350 Caesaris
2291 1312 2412 1348 testa-

189 1392 201 1403 ‘
258 1392 392 1428 mento
423 1390 530 1429 facta
559 1389 668 1438 esse,
697 1389 754 1428 nil
782 1389 938 1428 omnino
965 1388 1165 1435 ualetn).
1233 1388 1375 1440 Itaque
1411 1388 1560 1442 repulit
1585 1388 1717 1437 illum,
1752 1402 1841 1427 cum
1869 1388 1921 1427 ad
1959 1401 2050 1427 eum
2079 1387 2236 1426 ueniret
2264 1386 2410 1426 saluta-

258 1468 343 1506 tum
375 1466 498 1517 (Vell.
518 1468 582 1515 60,
605 1467 640 1507 3.
673 1467 743 1505 cfr.
773 1466 847 1505 Dio
871 1467 937 1514 45,
962 1467 1008 1505 5:
1043 1468 1110 1507 καὶ
1138 1465 1244 1523 λόγῳ
1272 1470 1340 1508 καὶ
1367 1468 1468 1522 ἔργῳ
1499 1466 1629 1508 αὐτὸν
1659 1467 1854 1516 induam),
1884 1472 2002 1517 atque
2032 1465 2183 1504 insidiis
2212 1478 2255 1503 se
2285 1465 2335 1503 ab
2364 1477 2411 1503 eo

258 1544 341 1598 peti
369 1544 572 1584 simulauit
597 1543 717 1596 (Plut.
747 1544 842 1583 Ant.
876 1544 935 1592 16,
963 1544 1029 1594 4.).
1082 1542 1230 1583 Postea
1259 1557 1349 1583 cum
1376 1543 1641 1584 Octauianum
1670 1547 1822 1583 terrore
1852 1543 1991 1597 repelli
2018 1557 2096 1582 non
2123 1556 2240 1595 posse
2269 1555 2411 1593 cogno-

258 1621 396 1669 uisset,
426 1620 644 1660 calliditate
672 1621 709 1659 ei
737 1621 918 1667 occurrit.
975 1620 1041 1659 Ex
1068 1621 1249 1660 omnibus
1278 1624 1433 1670 autem,
1476 1633 1580 1673 quae
1610 1620 1792 1660 Velleius
1821 1626 1980 1670 narrat,
2022 1634 2140 1673 quem
2171 1621 2221 1659 ad
2249 1620 2411 1658 modum

259 1696 452 1737 Octauius
497 1697 647 1749 egerit,
691 1699 737 1736 ut
777 1697 830 1737 ad
858 1710 1037 1737 summae
1071 1697 1272 1751 potentiae
1300 1697 1506 1749 fastigium
1530 1697 1817 1746 adscenderet,
1859 1711 1937 1737 non
1974 1698 2071 1737 satis
2108 1697 2325 1736 dilucidum
2355 1695 2411 1735 fit.

258 1774 455 1820 Quamuis
483 1774 589 1813 enim
618 1787 765 1825 magno
789 1786 910 1827 opere
939 1786 1031 1812 eum
1060 1774 1273 1813 conlaudet
1294 1775 1346 1826 (2.
1366 1775 1430 1823 61,
1453 1776 1516 1825 1.)‚
1545 1775 1652 1827 quod
1680 1775 1852 1814 Antonio
1881 1788 2004 1828 remp.
2036 1775 2275 1813 defensurus
2294 1786 2411 1814 exer-

259 1849 381 1891 citum
395 1851 460 1901 ⁴²)
497 1850 745 1904 opposuerit:
791 1854 927 1890 tamen
964 1863 1036 1889 cur
1070 1853 1166 1890 tunc
1203 1851 1254 1890 ab
1279 1850 1525 1904 optimatium
1550 1851 1732 1906 partibus
1758 1852 1926 1901 steterit,
1959 1865 2053 1890 mox
2078 1850 2278 1905 potentiae
2307 1863 2410 1889 com·

399 1974 456 2018 ⁴⁰)
484 1974 602 2018 Itaque
628 1984 694 2006 non
718 1976 797 2018 post
821 1973 999 2006 Octauiani
1024 1972 1207 2006 aduentum
1231 1973 1328 2018 Syria
1351 1974 1529 2007 Dolabella
1554 1974 1687 2007 decreta
1711 1978 1772 2008 est.
1799 1975 1888 2007 Vell.
1914 1976 1947 2008 2.
1976 1975 2032 2015 60,
2059 1976 2091 2008 5.

402 2025 458 2079 n)
486 2036 519 2070 2.
546 2035 603 2074 59,
624 2036 653 2070 l.
679 2033 746 2067 Dio
759 2035 816 2076 44,
842 2034 885 2068 35
912 2045 945 2078 p.
964 2034 1044 2068 275.
1093 2034 1170 2067 Hoc
1193 2032 1234 2066 de
1258 2036 1457 2067 testamento
1476 2044 1574 2078 saepe
1598 2034 1706 2067 multa
1728 2034 1769 2067 ab
1790 2034 1880 2068 ICtis
1905 2034 2076 2078 disputata
2101 2039 2197 2075 sunt;
2221 2035 2411 2079 nuperrime

260 2093 485 2129 Bachofenius
509 2095 546 2129 in
572 2094 682 2130 libro:
715 2093 943 2137 ausgeviihlte
966 2092 1101 2127 Lehren
1126 2092 1184 2127 des
1211 2096 1297 2129 rom.
1321 2093 1540 2128 Civilrechtes
1570 2095 1673 2129 1848.
1700 2098 1734 2128 et
1759 2093 1860 2137 locos,
1885 2094 1943 2138 qui
1966 2095 2031 2128 huc
2056 2095 2224 2138 pertinere
2249 2094 2410 2128 uideban-

258 2157 314 2187 tur
339 2154 486 2195 conlegit
519 2157 554 2187 et
590 2154 638 2187 eis
670 2153 871 2197 comparatis
903 2152 1131 2187 demonstrare
1162 2157 1301 2187 conatus
1326 2157 1395 2195 est,
1435 2156 1542 2187 totam
1576 2154 1662 2187 hanc
1686 2153 1877 2199 adoptionis
1904 2154 2046 2187 sormam
2072 2165 2138 2187 non
2163 2154 2205 2188 ad
2232 2155 2285 2187 ius
2310 2154 2409 2187 ciuile

258 2216 407 2256 spectare
433 2212 549 2255 (esque
576 2210 618 2244 de
642 2221 760 2244 caussa
780 2209 824 2244 ab
852 2210 944 2243 lctis
965 2210 1125 2243 Romanis
1151 2221 1321 2255 nunquam
1346 2211 1417 2244 eius
1444 2212 1647 2244 mentionem
1673 2212 1755 2255 fieri,
1780 2224 1815 2257 p.
1836 2214 1914 2252 243,
1943 2213 2044 2257 111.);
2073 2213 2131 2245 sed
2158 2213 2199 2245 ad
2222 2213 2275 2246 ius
2298 2213 2411 2257 publi-

258 2281 343 2303 cum.
392 2271 463 2304 Nec
488 2272 577 2303 enim
601 2282 640 2303 ea
663 2271 843 2314 adoptione
868 2270 925 2310 id,
955 2268 1043 2311 quod
1069 2270 1262 2312 ceteroquin
1288 2270 1504 2310 adrogatione
1532 2272 1619 2303 solet
1645 2272 1827 2310 contineri,
1859 2272 2072 2313 adgnationis
2097 2273 2149 2304 ius
2176 2273 2210 2304 in
2235 2273 2344 2305 aliena
2360 2272 2408 2304 fa-

257 2327 353 2361 milia
375 2328 583 2371 adquiritur,
615 2328 674 2362 sed
706 2332 908 2362 testamento
941 2326 1122 2369 adrogatus
1156 2338 1231 2360 eum
1260 2338 1358 2370 quem
1390 2327 1424 2360 in
1446 2327 1619 2371 republica
1642 2328 1752 2362 locum
1774 2333 1869 2373 pater
1892 2329 2072 2373 adoptiuus
2098 2330 2287 2364 obtinuerat
2311 2341 2405 2364 occu-

257 2391 328 2430 pat.
378 2387 432 2420 Ita
456 2387 593 2430 quidem
617 2387 855 2423 Baohofenius.
905 2387 999 2424 Quae
1030 2385 1060 2417 si
1085 2395 1162 2418 uere
1186 2384 1361 2426 disputata
1384 2389 1513 2427 essent,
1548 2397 1679 2418 summo
1704 2398 1803 2430 opere
1831 2387 2125 2429 confirmarentur,
2158 2399 2242 2431 quae
2273 2389 2408 2421 Dirkse-

260 2444 336 2478 nius
362 2445 595 2489 (‚,versuche“
624 2447 713 2480 1823
738 2457 770 2490 p.
801 2446 845 2480 76
869 2445 933 2489 sq.)
960 2442 1091 2478 studuit
1114 2442 1271 2487 probare:
1297 2443 1479 2487 adoptandi
1505 2444 1644 2477 uerbum
1669 2455 1688 2477 a
1712 2455 1823 2478 rerum
1853 2445 2073 2489 scriptoribus
2099 2457 2235 2490 prorsus
2259 2458 2325 2480 non
2350 2446 2408 2479 ad-

263 2502 471 2537 commodate
502 2504 568 2543 hac
599 2504 635 2537 in
668 2515 703 2537 re
735 2503 901 2547 usurpari.
949 2503 1103 2545 Namque
1137 2502 1314 2543 adrogatio
1336 2503 1418 2535 iuris
1443 2504 1677 2536 tantummodo
1704 2504 1814 2537 ciuilis
1841 2510 1900 2537 est.
1949 2506 2069 2538 Potest
2093 2516 2170 2538 sane
2195 2517 2235 2538 ex
2264 2517 2303 2538 ea
2326 2506 2408 2538 oriri

258 2562 294 2595 in
316 2562 537 2607 principalem
560 2562 671 2597 locum
696 2561 893 2597 succedendi
917 2572 1008 2605 spes:
1035 2560 1135 2595 sicuti
1155 2561 1192 2594 in
1208 2561 1369 2595 Marcello
1383 2566 1480 2605 atquc
1495 2561 1529 2594 in
1545 2562 1582 2595 C.
1599 2566 1632 2595 et
1648 2562 1689 2596 L.
1708 2562 1906 2596 Caesaribus
1923 2563 2212 2597 animaduertitur.
2249 2564 2313 2597 Sed
2328 2557 2410 2597 nun-

259 2630 361 2664 quam
391 2621 595 2656 Octauianus
619 2622 668 2656 ita
698 2621 875 2667 adoptauit
898 2629 958 2653 nec
982 2619 1095 2664 potuit
1118 2619 1280 2665 adoptare
1306 2621 1448 2663 alienos,
1476 2625 1514 2653 ut
1542 2631 1750 2654 successuros
1777 2632 1833 2654 cos
1860 2621 1894 2653 in
1920 2632 2059 2664 regnum
2085 2633 2166 2663 esse,
2191 2622 2257 2655 iam
2284 2626 2410 2655 certum

258 2682 345 2713 esset
381 2683 481 2723 atque
512 2681 739 2726 exploratum.
788 2681 842 2714 Ita
865 2680 1063 2715 Marcellum
1099 2680 1260 2726 adoptare
1285 2683 1487 2716 Octauianus
1517 2694 1585 2716 non
1610 2687 1661 2715 est
1686 2687 1877 2716 contentus:
1915 2683 1972 2716 sed
2000 2688 2038 2716 ut
2063 2684 2188 2728 populo
2220 2695 2295 2717 eum
2321 2694 2409 2716 com·

260 2738 449 2788 mendaret,
487 2751 587 2784 penes
612 2751 731 2785 quem,
757 2741 941 2785 interprete
965 2741 1097 2775 scilicet
1121 2742 1308 2775 uoluntatis
1334 2746 1461 2784 senatu,
1486 2742 1558 2775 sine
1584 2742 1685 2776 dubio
1710 2743 1905 2787 principalis
1930 2743 1996 2775 loci
2020 2743 2219 2786 adsignandi
2246 2744 2298 2776 ius
2325 2749 2408 2783 emt,

259 2795 407 2828 omnium
431 2797 555 2830 uirium
577 2798 787 2831 contentione
810 2798 1017 2832 elaborabat.
1044 2799 1105 2833 cfr.
1132 2785 1315 2840 Hoeckius,
1346 2801 1390 2832 H.
1417 2799 1457 2832 R.
1487 2803 1516 2841 1,
1543 2801 1624 2835 347.
1675 2801 1772 2839 Quod
1804 2808 1891 2835 certe
1919 2813 2200 2845 superuacaneum
2225 2803 2354 2841 fuisset,
2381 2803 2410 2834 si

259 2866 299 2887 ex
334 2855 514 2898 adoptione
539 2867 616 2889 eum
645 2868 873 2890 successurum
899 2870 971 2891 esse
997 2863 1174 2892 constaret.
1197 2879 1242 2884 —
1270 2849 1394 2892 Mirum
1419 2863 1532 2892 autem
1558 2864 1625 2901 est,
1664 2862 1753 2903 quod
1783 2863 1995 2894 Drumannus
2023 2865 2051 2902 l,
2080 2864 2155 2895 125.
2181 2863 2309 2895 curiata
2337 2863 2410 2903 lege

258 2913 301 2947 ad
327 2909 542 2957 adoptionem
566 2915 827 2949 confirmandam
854 2927 961 2959 neque
990 2929 1077 2961 opus
1100 2918 1225 2960 fuisse,
1262 2930 1366 2961 neque
1390 2929 1463 2952 eam
1488 2918 1560 2953 fieri
1586 2930 1760 2955 consuesse
1786 2921 1949 2959 adfirmet.
2008 2921 2106 2961 Quod
2129 2934 2234 2965 neque
2261 2922 2331 2956 ullo
2358 2934 2410 2955 ar-

258 2975 416 3015 gumento
436 2973 596 3017 probauit
627 2977 661 3007 et
693 2977 806 3018 aperoe
830 2979 998 3020 repugnat
1023 2976 1136 3011 uerbis
1159 2976 1278 3011 Dionis
1303 2979 1359 3019 45,
1385 2978 1404 3010 ὁ
1430 2987 1464 3011 u.
1489 2978 1545 3011 31.
1564 2975 1693 3023 ,(νόμος
1715 2978 1958 3026 φατριατικὸε)
1986 2977 2118 3014 καθ’ὅν
2142 2978 2206 3023 τὴν
2231 2981 2410 3021 ἐσποιήσιν

258 3027 371 3062 αὐτοῦ
394 3028 461 3073 τὴν
485 3031 519 3062 ἐς
542 3029 589 3063 τὰ
612 3033 679 3064 τοῦ
704 3033 884 3076 Καίσαρος
909 3033 1081 3078 γενώθαι
1105 3031 1211 3068 ἔδει.
1240 3053 1287 3058 -
1325 3038 1420 3067 Certe
1452 3041 1564 3067 autem
1590 3047 1610 3068 a
1634 3038 1839 3070 Bachofenio
1861 3050 1927 3070 non
1953 3040 2249 3082 praetermittenda
2275 3039 2411 3070 fuerunt

260 3088 328 3121 Iuli
352 3088 469 3132 Obseq.
495 3089 557 3121 illa
583 3091 653 3133 (12,
680 3091 748 3133 8.):
783 3093 819 3125 (J.
849 3094 1007 3126 Octauius
1026 3100 1216 3128 testantem
1243 3097 1398 3129 Caesaris
1416 3098 1575 3136 patris
1605 3099 1774 3129 andusi
1799 3110 1838 3130 se
1877 3101 1921 3130 in
1948 3101 2111 3130 Iuliam
2136 3105 2302 3138 qentem
2331 3101 2410 3131 ad-

259 3151 403 3184 sciuit.

397 3207 556 3252 ⁴²)'1pse
583 3207 743 3242 Octauius
772 3208 879 3252 (Mon.
903 3211 986 3245 Aue.
1016 3213 1046 3252 l,
1075 3211 1123 3254 1.)
1157 3222 1192 3245 se
1226 3211 1406 3245 exercitum
1431 3211 1579 3255 coegisse
1607 3211 1699 3248 dicit.
1749 3214 1831 3247 Fuit
1855 3224 1933 3248 sane
1959 3216 2122 3249 exereitus
2147 3215 2315 3250 adiunctis
2340 3216 2412 3250 illis

260 3266 389 3302 duabus
413 3266 619 3310 legionibus,
654 3267 696 3300 ab
722 3267 869 3302 Antonio
894 3268 937 3302 ad
964 3279 1041 3304 eum
1066 3271 1293 3315 transgressis.
1351 3274 1436 3305 Ante
1462 3275 1576 3306 autem
1596 3281 1694 3316 quam
1718 3272 1795 3306 illas
1819 3273 1939 3307 habuit
1964 3274 2173 3309 inordinatus
2197 3282 2411 3309 euocatorum

258 3326 380 3368 globus
403 3330 484 3360 erat.
511 3329 596 3370 App.
613 3329 646 3368 3,
672 3328 728 3362 40.
756 3327 821 3360 Dio
837 3329 893 3369 45,
928 3329 979 3364 12.
1007 3328 1177 3362 Hoeokius
1211 3333 1238 3369 l,
1266 3331 1344 3362 227.
1373 3340 1471 3371 quam
1506 3340 1576 3361 rem
1598 3330 1743 3362 oratorie
1769 3337 1908 3364 exornat
1932 3333 1999 3366 Cic.
2025 3333 2116 3366 Phil.
2133 3336 2191 3374 35
2222 3337 2239 3366 8
2278 3354 2319 3359 —
2347 3335 2411 3366 Va-
