2709 3576
1356 64 1414 116 12

415 175 588 218 Praeter
621 174 859 217 Oieemnem
894 174 1650 231 &nummi-quoium
1689 190 1719 219 s·
1744 176 2158 233 Velleioeoepeessos
2182 180 2454 232 ‘es-erup

279 239 435 296 dietum
457 256 524 295 est
547 255 672 306 atquo
696 252 837 294 multis
860 252 960 295 1⁰0⁰-
987 254 1268 308 mpnbstm.
1295 254 1386 307 (ost.
1403 253 1679 299 nsi-kefin
1707 254 1862 305 ι.--·ο,’-ι
1889 246 2463 310 suffimen-lm-

276 329 580 372 similitudinem
592 342 675 371 non
686 329 823 371 solun·
841 329 1045 372 sen’bendi
1058 342 1191 384 genus
1204 343 1301 372 eum
1311 331 1605 381 omnnem.
1618 330 2454 387 ”dethmaro-Quae*

276 421 417 450 eerum
445 408 522 449 sibi
548 420 820 462 comparasse,
843 408 1052 463 probabile
1078 411 1153 450 eet.
1211 408 1456 463 Quanquam
1478 409 1555 451 beo
1578 408 1826 459 inflabant,
1852 409 1967 450 euius
1993 408 2455 456 bbtoffimnmxins

277 498 375 541 pars
407 485 627 536 interierit,
665 498 746 527 non
780 488 918 541 potest
951 486 1053 527 san’s
1080 488 1192 527 certo
1217 486 1498 529 demonstrati.
1559 486 1696 540 Atque
1723 498 1752 527 a
1776 485 1891 527 linio
1918 486 2454 542 saepe-umerum

278 563 497 618 (Sauppius
532 563 638 614 147.)
693 562 798 605 Sunt
823 565 983 613 tamen,
1021 563 1166 618 quibus
1200 562 1363 605 Is'uium
1393 576 1490 606 eum
1525 564 1590 606 bic
1623 563 1707 605 illio
1733 563 2034 607 uel=in<nerum
2056 563 2311 606 summ
2339 575 2456 605 seeu-

278 644 366 681 tum
408 653 501 681 esse
535 640 623 681 ueri
656 640 730 681 fiat
762 639 905 681 simile.
979 641 1100 688 Quod
1132 641 1310 682 mxime
1346 641 1605 683 manifestum
1639 644 1704 682 est
1737 641 1780 682 in
1805 653 1854 682 eo
1880 644 2062 697 tempore
2088 641 2338 692 enarrando,
2372 652 2455 695 qno

278 718 430 759 bellum
460 720 601 759 contra
627 716 825 759 Perseum
851 720 1015 771 gestum
1045 721 1129 769 est,
1160 730 1320 772 qnoque
1347 718 1516 760 Fuluius
1544 719 1718 761 Flaccus
1743 721 1788 760 et
1810 717 2040 760 Postumius
2066 718 2240 760 Albinus
2263 728 2452 760 oensoms

278 795 455 844 fuerunt.
511 794 672 835 Etenim
699 794 859 835 etiamsi
884 794 1025 836 Liuius
1050 797 1115 846 45,
1141 796 1206 837 40.
1237 794 1368 837 milies
1391 795 1602 837 ducenties
1627 794 1679 837 H.
1709 795 1764 846 8.,
1784 793 1971 837 Velleius
1999 796 2051 848 (1.
2080 795 2128 846 9,
2146 796 2204 847 ὃ.)
2234 795 2297 837 bis
2320 795 2454 838 milies

281 872 435 912 centies
471 884 496 912 a
519 871 662 912 Paullo
700 871 742 911 in
770 871 972 912 aerarium
1001 872 1229 926 depositum
1255 884 1348 912 esse
1374 873 1564 924 tradite),
1600 876 1738 914 tamn
1765 871 1856 913 Liui
1879 883 1975 911 eum
2000 871 2210 913 histon‘am
2239 874 2334 913 ante
2360 883 2455 913 oeu-

280 949 341 990 los
373 949 576 998 habuisse,
602 961 682 988 non
710 951 795 989 tam
825 961 881 989 ex
909 949 1190 998 similitudine.
1207 962 1330 1002 quam
1358 963 1415 990 ex
1437 950 1558 999 uitiis,
1585 950 1732 1003 quibus
1746 962 1837 990 eam
1854 948 2044 1003 corrupit,
2065 948 2324 991 iussissem
2341 949 2455 989 nide—

279 1030 356 1066 tur.
415 1027 476 1065 Ac
504 1026 723 1066 similitudo
750 1025 913 1079 quidem
942 1026 1119 1067 maximo
1146 1038 1268 1081 opere
1294 1026 1336 1066 in
1365 1026 1425 1067 eis
1449 1026 1647 1075 cernitur,
1675 1039 1779 1081 quae
1806 1025 1859 1066 de
1874 1038 2057 1067 sensura
2080 1025 2218 1067 Flacci
2242 1028 2288 1066 et
2314 1025 2452 1067 Albini

278 1104 336 1143 ita
362 1104 500 1153 tradit,
531 1107 577 1142 ut
600 1103 796 1143 consortis
823 1104 995 1144 uerbum
1022 1104 1129 1158 apud
1157 1107 1373 1157 utrumque
1404 1107 1632 1159 usurpetur.
1662 1102 1728 1157 (V.
1751 1105 1783 1144 1.
1816 1103 1879 1154 10,
1894 1104 1932 1146 5.
1963 1102 2052 1144 Liu.
2077 1103 2144 1154 41,
2172 1103 2254 1155 27.)
2295 1101 2452 1144 Deinde

279 1181 388 1235 apud
414 1180 573 1220 Liuium
602 1181 684 1233 (45,
710 1181 793 1230 41.)
821 1193 914 1220 cum
941 1180 1109 1221 Paullus
1136 1181 1187 1220 de
1215 1182 1338 1221 rebus
1366 1193 1392 1221 a
1416 1193 1461 1220 se
1487 1180 1616 1233 gestis
1644 1180 1775 1234 deque
1803 1180 1916 1221 luotu
1943 1179 2163 1222 domestico
2190 1180 2318 1221 uerba
2345 1179 2455 1230 facit,

283 1271 328 1300 se
356 1261 532 1313 optasse,
563 1258 670 1309 dicit,
700 1261 746 1299 ut
771 1259 1048 1310 mutationem,
1075 1259 1191 1312 siqua
1217 1259 1356 1299 futura
1381 1261 1502 1308 esset,
1528 1258 1714 1299 fortunae
1740 1257 1866 1313 ipsius
1893 1258 2038 1300 domus
2065 1258 2199 1314 potins
2225 1271 2347 1313 quam
2371 1271 2456 1300 res-

281 1337 442 1392 publica
477 1336 659 1377 sentiret.
721 1336 839 1384 Quae
875 1350 945 1377 res
977 1337 1035 1378 ita
1071 1350 1151 1377 non
1177 1337 1263 1377 sine
1293 1349 1439 1378 caussa
1467 1349 1492 1377 a
1517 1349 1597 1377 non
1623 1335 1745 1377 nullis
1770 1335 2033 1391 scriptoribus
2059 1335 2180 1389 (Plnt.
2213 1336 2359 1377 Aemil.
2387 1336 2456 1387 36,

280 1416 317 1455 4.
347 1414 439 1455 Val.
463 1414 577 1455 Max.
595 1415 633 1455 5.
654 1416 715 1464 10,
731 1415 768 1455 2.
802 1414 984 1469 Scriptor
1011 1415 1063 1454 de
1090 1415 1163 1455 uir.
1191 1414 1336 1456 illustr.
1352 1415 1434 1466 56.)
1463 1414 1649 1463 refertur,
1677 1416 1724 1455 ut
1737 1413 1926 1456 Paullum
1953 1413 2056 1455 illud
2082 1427 2108 1456 a
2122 1413 2199 1455 diis
2219 1416 2455 1469 precantem

280 1491 441 1532 faciant.
505 1491 563 1531 At
590 1490 775 1531 Velleius
801 1490 989 1532 Paullum
1019 1491 1164 1541 tradit,
1190 1491 1231 1530 in
1258 1491 1348 1545 ipsa
1377 1491 1574 1541 oratione,
1602 1503 1724 1544 quam
1751 1493 1845 1533 ante
1874 1491 2123 1547 triumphum
2149 1491 2338 1541 haberet,
2360 1490 2454 1532 illas

279 1582 402 1609 uoces
434 1568 598 1608 fudisse.
673 1568 790 1615 Quae
818 1568 996 1608 narratio
1034 1570 1086 1622 (1.
1123 1570 1183 1618 10,
1213 1570 1269 1619 4.)
1307 1571 1448 1622 aperte
1488 1581 1536 1609 eo
1563 1570 1652 1610 orta
1673 1570 1749 1619 eet,
1797 1568 1904 1622 quod
1933 1568 2174 1618 orationem,
2214 1580 2336 1622 quam
2362 1568 2455 1623 post

279 1646 526 1700 triumphum
560 1646 827 1700 imperatores
860 1646 1011 1686 habere
1048 1646 1252 1695 solebant,
1264 1656 1388 1689 ocum
1426 1634 1632 1701 precibus,
1664 1645 1810 1700 quihus
1837 1648 1932 1721 ante
1962 1645 2210 1701 triumphum
2237 1658 2282 1687 se
2313 1645 2453 1687 Iouem

280 1724 588 1777 Mineruamque
619 1723 728 1777 apud
755 1722 913 1763 Liuium
940 1723 1075 1764 adisse
1105 1717 1212 1772 dicit,
1242 1722 1426 1763 Velleius
1454 1723 1711 1764 commiscuit.

416 1800 559 1854 Neque
587 1814 685 1841 uero
714 1803 779 1841 est
807 1801 985 1850 dubium,
1015 1801 1112 1854 quin
1138 1800 1321 1841 Velleius
1349 1814 1442 1842 raro
1470 1801 1744 1852 tantummodo
1770 1800 1929 1842 Liuium
1954 1802 2118 1842 secutus
2141 1801 2205 1842 sit.
2258 1800 2455 1842 Attamen

280 1879 366 1933 ipse
405 1891 698 1933 saepenumero
733 1880 930 1927 testatur,
977 1891 1022 1917 se
1062 1878 1313 1919 diuersorum
1352 1880 1563 1926 auctorum
1597 1877 1801 1934 opiniones
1827 1877 2052 1933 pensitasse
2079 1878 2132 1932 (1.
2162 1878 2200 1929 7,
2226 1877 2264 1920 2.
2296 1877 2334 1928 8,
2363 1878 2400 1919 5.
2415 1877 2455 1929 ⁴¹)

284 1958 346 2005 15,
374 1957 429 2007 3.)
461 1956 711 2008 aliorumque
739 1955 962 1995 sententias
994 1956 1172 1995 refutare
1200 1958 1369 1996 conatur
1395 1956 1448 2008 (2.
1477 1957 1516 2005 4,
1533 1956 1622 2007 7.⁸)
1649 1956 1715 2005 23,
1733 1956 1770 1995 4.
1798 1955 1866 2005 32,
1891 1955 1958 2006 6.).
2004 1954 2060 1995 Et
2085 1954 2185 1995 alios
2210 1954 2333 1995 etiam
2361 1966 2456 1995 eum

281 2033 498 2088 scriptores
538 2035 632 2073 ante
670 2032 807 2073 oculos
844 2032 1033 2073 habuisse
1071 2046 1127 2073 ex
1163 2033 1222 2073 eis
1259 2032 1535 2087 consequitur,
1578 2045 1682 2087 quae
1716 2032 1768 2073 de
1804 2031 2001 2087 Bymntio
2034 2044 2060 2074 a
2088 2031 2257 2073 Milesiis
2296 2031 2455 2074 condito

281 2111 442 2151 diuerse
473 2123 499 2151 a
528 2110 675 2150 ceteris
703 2110 886 2150 omnibus
910 2110 1127 2150 memoriae
1143 2110 1320 2165 prodidit
1332 2111 1382 2162 ⁹).
1426 2109 1599 2158 Disertis
1623 2112 1760 2151 autem
1779 2109 1916 2151 uerbis
1930 2109 1982 2150 de
1997 2108 2162 2151 Catonis
2176 2111 2335 2150 tantum
2350 2108 2456 2150 Hos

280 2188 463 2241 tensique
494 2187 681 2242 operibus
711 2187 902 2242 disputat.
948 2187 1063 2228 Alios
1091 2199 1189 2228 uero
1215 2189 1382 2242 praeter
1404 2186 1622 2229 Salustium
1650 2189 1692 2228 et
1712 2185 1907 2229 Catonem
1936 2198 2075 2227 rerum
2103 2185 2320 2241 scriptores
2333 2198 2386 2227 ne
2401 2184 2457 2227 ibi

419 2333 453 2377 ⁸)
479 2334 594 2368 Alium
619 2334 723 2367 etiam
748 2343 913 2367 summm
937 2333 1044 2367 misse
1064 2332 1149 2367 dicit
1169 2333 1304 2368 Plinius
1329 2333 1380 2371 Η.
1407 2333 1451 2370 N.
1477 2334 1535 2368 32.
1562 2333 1597 2375 3,
1625 2334 1679 2368 17.
1706 2331 1844 2377 (Hard.)
1906 2332 1980 2367 Neo
2002 2335 2117 2367 nnn
2140 2331 2252 2372 Vellei
2278 2342 2455 2368 uumoeum

278 2391 330 2426 ita
360 2395 501 2437 propter
534 2392 783 2436 neglegentiam
821 2403 839 2426 e
864 2392 1013 2427 Liuisna
1040 2391 1241 2438 'corruptum
1277 2403 1350 2427 esse
1377 2391 1601 2437 improbabile
1626 2391 1783 2434 uidetur,
1821 2394 1861 2426 ut
1883 2402 2042 2426 numerus
2065 2390 2113 2426 11.
2138 2390 2227 2426 falso
2252 2391 2326 2427 loco
2349 2391 2455 2427 inter·

280 2455 472 2495 poneretur.

435 2510 467 2552 ⁷)
496 2509 597 2548 Quod
621 2513 736 2543 autem
763 2509 891 2543 errauit
913 2510 948 2544 h.
975 2510 999 2544 l.
1024 2509 1177 2544 Velleius
1200 2514 1301 2555 atque
1326 2520 1403 2544 oum
1427 2509 1583 2544 ueritatis
1607 2508 1731 2543 damno
1754 2520 1775 2543 a
1799 2509 1904 2544 Liuio
1930 2509 2011 2553 (³2,
2033 2508 2090 2544 39.
2116 2508 2175 2550 34,
2201 2507 2272 2549 35.)
2298 2506 2454 2541 discessit

283 2566 468 2612 (Sauppius
495 2567 603 2611 149.,)
626 2568 680 2602 nil
702 2567 747 2601 ad
773 2567 885 2602 fontes
914 2567 1110 2610 studisque.

420 2627 452 2670 ⁸)
480 2627 559 2662 Hoc
587 2630 700 2661 tamen
738 2626 814 2661 loeo
838 2636 907 2660 non
931 2626 1044 2660 minus
1069 2627 1207 2661 errauit.
1263 2628 1355 2661 Num
1381 2626 1472 2671 quod
1499 2593 1729 2660 Aemilianum
1752 2625 1836 2660 dioit
1856 2625 1950 2661 LVI.
1974 2635 2081 2660 annos
2102 2626 2221 2659 natum
2248 2634 2321 2658 esse
2344 2623 2451 2658 inter-

280 2683 426 2725 fectum,
462 2683 499 2716 id
530 2683 572 2717 ab
605 2683 765 2718 omnibus
798 2682 1003 2718 conceditur.
1066 2682 1134 2717 Sed
1169 2683 1204 2717 id
1236 2684 1287 2719 ita
1310 2683 1401 2719 efflei
1424 2694 1492 2718 non
1515 2686 1640 2729 potest,
1664 2685 1706 2718 ut
1733 2682 1847 2729 scipio
1871 2682 2005 2734 dicatur
2031 2692 2122 2718 anno
2145 2680 2311 2718 xxm.
2338 2680 2455 2717 oonsul

279 2746 410 2776 oreatus
436 2754 518 2776 esse.
568 2743 658 2775 Nam
684 2753 760 2776 cum
784 2754 815 2776 a.
840 2744 921 2776 307.
945 2743 1064 2777 consul
1088 2744 1198 2778 factus
1220 2744 1278 2788 sit,
1304 2754 1393 2778 nuno
1417 2745 1496 2779 625.
1523 2742 1723 2779 interiectu
1735 2742 1870 2779 xvm.
1898 2742 2064 2778 annornm
2090 2740 2248 2788 spatium
2262 2741 2352 2778 inter
2375 2745 2455 2778 eon-

281 2802 429 2835 sulatum
465 2804 675 2846 mortemque
710 2803 770 2834 est.
820 2801 938 2845 Itaque
966 2810 1093 2836 annum
1119 2802 1331 2846 trigesimum
1356 2803 1512 2838 octauum
1537 2806 1695 2846 seeum
1716 2812 1795 2837 eum
1821 2802 1995 2838 emulum
2019 2802 2168 2837 mn
2191 2810 2266 2837 esse
2290 2801 2456 2854 seqnitur.

282 2861 326 2893 er.
353 2861 528 2893 Puteanus
553 2861 622 2893 6⁹5
649 2870 697 2903 sq.

420 2920 453 2957 ⁰)
483 2920 516 2950 2
547 2918 602 2958 ¹5,
631 2921 661 2952 Ι.
687 2918 729 2951 R.
758 2920 806 2961 (7,
831 2919 1005 2960 5.11m.)
1070 2918 1482 2964 NamStephanusByn.
1507 2917 1668 2964 s.u.(p
1698 2919 2298 2967 1240d.Holst.eto.Li.182‚'›.)
2329 2930 2351 2954 a
2379 2920 2457 2953 Me·

278 2987 403 3019 garons
386 2977 482 3011 sibus
512 2977 714 3021 Byzantium
749 2976 922 3010 eonditum
955 2989 1029 3010 esse
1059 2976 1185 3010 scribit.
1226 2977 1299 3020 (etr.
1325 2977 1455 3012 Bes-the
1457 2969 1524 3011 lius
1553 2977 1598 3011 ad
1623 2978 1659 3011 h.
1689 2978 1713 3012 1'.
1741 2978 1764 3011 3
1797 2989 1831 3022 p.
1857 2977 1953 3022 503.)
2022 2976 2117 3010 Idem
2155 2978 2242 3011 tradi
2245 2982 2260 3010 t
2292 2979 2456 3023 scymnus

281 3035 387 3071 Chius
415 3037 502 3072 717:
540 3031 621 3078 δξῆσ
644 3035 846 3082 Μεγαρέων
872 3031 1033 3078 εὐτυχῶν
1058 3033 1273 3076 Βυζάντιον.
1322 3037 1522 3071 Ammianus
1548 3038 1618 3080 (22.
1644 3038 1682 3079 8,
1705 3036 1759 3079 8.)
1796 3036 1990 3071 ‘Atticorum
2017 3037 2136 3071 urbem
2160 3038 2244 3071 rasit
2275 3036 2455 3069 coloniam.

281 3096 357 3139 (cfr.
384 3095 575 3139 Wagnems
600 3094 644 3128 ad
669 3094 703 3130 h.
728 3095 753 3129 1.
778 3104 812 3139 p.
838 3095 936 3138 4⁵3.)
986 3094 1090 3130 Falso
1125 3098 1239 3132 tamen
1273 3095 1360 3131 mibi
1399 3095 1624 3131 Ruhnkenius
1656 3093 1898 3131 exse-bonis
1924 3095 1980 3138 14,
2004 3096 2253 3140 p.941(0.e
2279 3092 2359 3157 Kr'.)
2389 3094 2456 3137 μδ-

279 3164 404 3200 γιστον
432 3150 473 3186 δὲ
496 3151 540 3188 τὸ
565 3151 705 3198 πλῆθος
727 3153 805 3185 τῶν
827 3148 1022 3194 ἀποικιῶν,
1064 3148 1088 3186 ο’
1110 3164 1152 3186 τι
1186 3151 1258 3202 γὰρ
1283 3147 1454 3202 Εὔξεινος
1476 3150 1610 3188 πόντος
1633 3149 1706 3187 ὑπὸ
1728 3162 1874 3188 τουτων
1898 3152 1989 3197 (τῶν
2014 3148 2214 3198 Μιλησίων)
2239 3161 2455 3195 ουνῳκισται

279 3213 352 3247 πᾶς
374 3214 433 3246 καὶ
457 3209 480 3255 ἦ
502 3204 699 3259 πρὸποντίε
722 3222 845 3246 ueram
869 3212 979 3246 Vellei
1015 3213 1219 3247 seutentism
1254 3222 1326 3247 esse
1361 3212 1499 3247 uidetur
1531 3211 1712 3256 conligere.
1775 3210 1864 3245 Nam
1899 3221 1984 3255 quae
2014 3211 2166 3247 coloniae
2202 3221 2223 3244 a
2249 3208 2395 3244 Milesiis
2419 3208 2457 3242 in

278 3272 342 3305 ius
362 3271 677 3313 regionneooditae
701 3272 782 3313 sint,
805 3271 1134 3305 statimaStrbone
1158 3274 1384 3306 enumeratur.
2400 3275 2409 3285 '

358 3328 375 3347 Ι
