2709 3576
1313 75 1345 124 4

251 185 539 227 derauerimus.
601 184 657 226 M.
686 184 792 226 enim
820 184 979 228 Vinicio
1013 186 1168 228 consuli
1199 198 1235 229 a.
1266 186 1357 230 783.
1386 186 1496 229 misit
1520 186 1580 229 ita
1604 186 1889 243 compositum,
1927 189 1975 228 ut
2000 196 2130 241 usque
2155 185 2211 228 ad
2237 184 2421 228 eon-ula·
2503 201 2510 206 ·

250 265 338 305 tum
374 262 461 304 eius
495 262 768 304 narrationem
800 262 1043 318 perduceret
1077 265 1138 317 (1,
1166 263 1676 319 851§4;12§6;2,
1699 263 1726 302 7
1752 263 1776 320 ς
1798 264 1846 313 5;
1870 263 1927 306 49
1954 263 2028 319 §2
2056 262 2168 316 etc.)=
2210 261 2333 312 Quod
2363 273 2420 304 ex

251 352 391 382 eorum
410 341 637 395 temporum
650 339 828 381 moribus
841 339 966 381 fuisse
981 339 1231 382 Dodwellius
1251 340 1276 381 1.
1294 353 1327 381 c.
1343 339 1527 391 CXIIII.
1553 339 1692 382 multis
1706 340 1907 397 exemplis
1919 339 2116 397 probauit.
2154 337 2237 382 Sed
2254 338 2420 382 hercule

251 430 332 459 non
359 419 499 473 aptum
526 416 671 458 fuisset
697 420 741 458 et
766 419 1030 459 externarum
1055 417 1235 473 gentium
1261 419 1305 459 et
1331 416 1603 460 Romanorum
1629 430 1697 459 res
1724 416 1908 461 narranti
1937 416 1982 460 in
2006 416 2216 461 consulatu
2242 415 2419 459 consulis

194 519 202 524 -
237 494 424 536 Romani
456 494 653 535 desinere.
720 494 840 542 Quod
872 495 1057 549 quamuis
1090 495 1132 536 in
1168 495 1450 550 imperatorem
1484 495 1736 537 consulatum
1770 496 1983 549 gerentem
2017 494 2165 537 cadere
2196 494 2343 551 possit,
2377 493 2420 536 in

253 571 331 612 alio
348 583 515 627 prorsus
540 571 721 627 ineptum
748 572 838 613 ests
870 571 1016 626 Itaque
1043 572 1120 614 hac
1148 584 1314 627 quoque>
1334 585 1379 613 re
1405 585 1626 623 mouemur,
1652 574 1699 613 ut
1728 583 1779 613 ea
1805 583 1910 626 quae
1937 570 1990 612 de
2015 570 2186 614 Graecis
2214 583 2419 627 exponan-

253 652 321 688 tur
349 661 404 688 ex
431 648 653 688 subseciuis
667 647 802 688 Vellei
829 648 975 689 studiis
1003 649 1150 690 hausta
1174 649 1399 690 exornandi
1426 662 1572 690 caussa
1598 649 1739 690 addita
1764 660 1857 688 esse
1885 650 2122 689 statuamus.

397 725 531 778 Atque
561 729 672 774 erat,
707 738 779 765 cur
807 724 992 766 Velleius
1020 724 1141 766 exilis
1170 725 1399 779 argumenti
1424 728 1660 766 ornamenta
1687 724 2023 780 circumspiceret.
2078 724 2184 766 Nam
2211 737 2302 765 cum
2330 736 2420 765 con·

255 800 364 841 sules
410 801 646 855 plerumque
682 814 821 842 mense
849 801 953 843 Iulio
988 802 1193 856 designari
1222 802 1416 852 solerent,
1453 801 1548 855 (Cic.
1589 802 1642 843 ad
1673 801 1758 843 Att.
1789 803 1832 852 1,
1869 802 1919 844 16
1944 801 1967 857 5
1993 801 2054 844 13ι
2091 800 2167 857 Ep.
2195 800 2239 853 8,
2277 802 2302 844 4
2332 801 2357 857 S
2380 801 2418 845 3.

257 878 305 918 cf.
337 878 520 920 Adamus
555 878 604 920 A.
634 877 684 920 R.
718 881 760 929 1,
785 879 876 921 213.
921 879 1129 921 Beckerus
1164 881 1207 921 et
1239 878 1543 933 Marquardtius
1574 878 1625 920 A.
1653 878 1723 930 R„
1759 879 1796 923 2.
1818 878 1988 931 2103.)
2023 891 2169 921 munus
2207 877 2300 920 Kal.
2333 877 2420 920 Ian.

255 954 572 1010 auspicarentur,
597 955 793 998 mensium
821 970 898 998 sex
928 956 1102 1012 spatium
1123 955 1279 999 Velleio
1305 956 1489 999 relictum
1506 958 1607 1007 erat,
1631 971 1709 1011 quo
1732 955 1879 999 librum
1893 955 2174 1002 conscriberet.
2211 954 2322 998 Fieri
2347 954 2421 1011 igi-
2447 978 2449 981 ·

256 1037 324 1073 tur
351 1046 430 1073 non
460 1033 602 1086 potuit,
626 1033 721 1085 quin
749 1037 915 1087 propter
944 1047 1134 1087 magnam
1159 1033 1451 1075 festinationem
1468 1047 1664 1074 summam
1689 1033 1963 1075 tantummodo
1981 1046 2117 1074 rerum
2139 1032 2421 1087 complectere-

257 1113 324 1150 tur
351 1111 414 1162 (1,
441 1111 491 1151 16
518 1111 539 1163 S
569 1112 599 1151 1.
630 1111 676 1160 2,
698 1112 747 1152 41
770 1111 804 1164 -5
832 1112 865 1152 1.
898 1111 974 1153 108
1005 1112 1026 1165 ἓ
1055 1112 1091 1153 2.
1120 1110 1297 1152 Kritzius
1321 1110 1496 1162 XXH.).
1554 1110 1635 1152 Sed
1669 1110 1749 1152 alia
1776 1110 1898 1152 etiam
1933 1111 2082 1153 damna
2114 1124 2170 1152 ex
2206 1111 2283 1163 hac
2318 1111 2421 1153 cele-

255 1186 376 1227 ritate
402 1188 584 1241 prosecta
613 1192 719 1237 sunt,
745 1189 890 1241 quibus
918 1190 1154 1242 opusculum
1185 1189 1435 1228 defoedatur.
1483 1188 1545 1227 Ac
1575 1188 1748 1242 primum
1771 1188 1945 1240 quidem,
1973 1188 2014 1228 id
2030 1190 2137 1241 quod
2160 1189 2290 1244 primo
2307 1189 2421 1242 quasi

257 1264 461 1304 oculorum
490 1266 632 1305 obtutu
656 1265 799 1305 animis
816 1265 1060 1318 refragatur,
1088 1266 1320 1306 uniuersum
1344 1279 1443 1320 opus
1459 1265 1517 1305 ita
1544 1265 1805 1319 compositum
1829 1267 1904 1315 est,
1933 1269 1991 1315 ut,
2019 1266 2124 1305 sitne
2142 1279 2337 1306 annorum
2360 1278 2422 1306 se·

258 1341 358 1381 riem
386 1341 557 1396 scriptor
585 1346 760 1392 secutus,
788 1356 840 1383 an
863 1342 1052 1383 interiore
1071 1343 1243 1396 quodam
1261 1337 1513 1391 necessitatis
1528 1342 1688 1383 uinculo
1709 1342 1891 1395 singulas
1912 1355 1979 1383 res
2006 1342 2182 1383 voluerit
2198 1345 2421 1392 conectere,

256 1417 377 1470 plane
406 1431 486 1458 non
514 1419 641 1471 possit
667 1419 860 1471 intellegi.
904 1419 1119 1470 (Krausius
1146 1399 1329 1472 proleg-g.
1361 1419 1505 1459 VIIII.
1533 1419 1597 1458 ed.
1623 1419 1739 1472 Bip.).
1789 1419 1892 1460 Cum
1927 1419 2033 1458 enim
2067 1419 2172 1459 tales
2200 1431 2322 1473 saepe
2350 1431 2422 1458 nu-

256 1506 368 1535 mero
398 1494 593 1535 formulae
621 1495 781 1536 dicendi
807 1500 1033 1546 occurrant,
1061 1497 1203 1550 quibus
1231 1495 1435 1536 annalium
1463 1496 1679 1551 scriptores
1705 1496 1764 1536 uti
1788 1496 1920 1536 solent
1946 1495 2078 1549 (sicuti
2104 1507 2180 1550 per
2198 1495 2306 1536 idem
2322 1496 2422 1536 tem·

258 1569 345 1624 pus,
371 1573 469 1619 tum,
496 1571 665 1612 subinde
689 1573 724 1613 2.
750 1574 803 1614 96
828 1573 922 1626 52.)
950 1576 1087 1614 tamen
1114 1587 1192 1613 non
1218 1572 1348 1613 minus
1378 1573 1613 1626 frequenter
1639 1572 1798 1613 libellus
1819 1559 2105 1633 pragmaticae,
2133 1586 2238 1625 quae
2264 1571 2422 1621 dicitur,

256 1661 392 1687 rerum
414 1645 639 1702 scriptionis
671 1663 768 1703 prae
797 1664 841 1689 se
872 1651 953 1691 fert
979 1651 1164 1704 speciem.
1204 1650 1282 1699 Ita,
1312 1652 1358 1690 ut
1373 1650 1563 1704 exempla
1577 1663 1633 1690 ex
1646 1650 1783 1690 multis
1801 1663 1931 1704 pauca
1952 1649 2135 1702 seligam,
2164 1650 2233 1690 ubi
2247 1649 2421 1704 primum

258 1724 504 1765 Octauianus
531 1727 817 1780 rempublicam
848 1729 1035 1781 capessit,
1064 1728 1195 1768 omnia
1220 1741 1270 1768 ea
1297 1732 1548 1777 enarrantur,
1575 1741 1679 1780 quae
1709 1730 1831 1768 antea
1857 1726 1895 1767 ei
1920 1727 2170 1774 acciderant;
2199 1728 2251 1779 (2.
2267 1727 2358 1780 595
2378 1726 2421 1778 2)

258 1806 470 1856 postquam
498 1804 630 1844 omnia
666 1818 715 1844 ea
749 1805 954 1858 descripta
987 1808 1100 1854 sunt,
1144 1818 1246 1857 quae
1283 1804 1325 1845 in
1356 1804 1477 1845 Italia
1513 1807 1739 1845 euenerunt
1776 1807 1868 1859 post
1903 1803 2120 1845 Caesarem
2154 1803 2422 1853 interfectum,

258 1879 299 1918 in
326 1880 467 1920 Asiam
505 1883 626 1932 atque
663 1881 711 1921 ad
752 1881 979 1922 coniuratos
1015 1881 1223 1931 transitur,
1267 1885 1310 1921 et
1351 1895 1471 1934 quem
1495 1882 1549 1922 ad
1575 1882 1737 1922 modum
1763 1881 1822 1921 illi
1848 1881 2097 1921 incrementa
2124 1880 2334 1935 paullatim
2354 1892 2423 1934 po-

259 1957 409 1997 tentiae
439 1958 652 2012 ceperrint,
679 1958 927 1999 inlustratur.
957 1959 1010 2011 (2,
1035 1960 1097 2000 69.
1128 1959 1196 1999 cfr.
1219 1961 1252 2009 1,
1279 1959 1328 1999 12
1361 1959 1438 2012 §4-
1468 1959 1506 2008 2,
1537 1959 1585 1999 12
1608 1959 1630 2012 5
1655 1960 1688 1999 1.
1716 1958 1769 1999 29
1800 1958 1882 2012 52.
1912 1959 1965 1999 76
1992 1958 2071 2012 §2
2099 1958 2152 1999 90
2175 1958 2196 2011 ἓ
2224 1958 2290 2009 2.).
2343 1955 2423 1999 Ge·

259 2034 367 2074 neris
394 2039 530 2074 autem
557 2035 748 2076 historiae
777 2036 1108 2086 conscribendae,
1148 2036 1253 2090 quod
1282 2036 1569 2091 πραγματικόν
1601 2035 1767 2085 dicitur,
1815 2034 2017 2075 Velleium
2047 2034 2270 2075 studiosum
2298 2033 2423 2074 fuisse

259 2112 325 2150 uel
352 2125 400 2152 eo
428 2114 641 2166 probatur,
676 2114 782 2166 quod
810 2114 861 2152 de
889 2115 1010 2153 rebus
1040 2114 1168 2166 gestis
1188 2113 1333 2153 iudicia
1360 2114 1520 2168 saepius
1545 2114 1703 2162 inserit,
1734 2113 2082 2170 quodquevearum
2108 2125 2274 2152 caussas
2311 2111 2423 2151 inda-

257 2201 357 2240 gare
395 2192 572 2229 conatur.
626 2189 711 2230 Nee
749 2193 885 2230 tamen
925 2191 1148 2244 putandum
1184 2193 1265 2240 est,
1292 2190 1492 2230 Velleium
1526 2191 1582 2230 ita
1610 2190 1840 2244 scripsisse,
1885 2192 1930 2229 ut
1974 2189 2216 2229 necessitate
2249 2188 2424 2241 quadam

258 2266 439 2318 singulas
467 2280 534 2306 res
561 2268 777 2307 cohaerere
804 2268 995 2308 eluceret.
1046 2267 1197 2309 Contra
1218 2281 1331 2317 eum,
1360 2268 1427 2320 qui
1453 2267 1651 2309 cotidiana
1678 2267 1764 2306 fere
1793 2279 1932 2307 eorum
1959 2266 2246 2307 consuetudine
2272 2267 2422 2315 utatur,

260 2357 285 2384 a
311 2343 455 2396 quibus
483 2343 695 2384 uniuersus
721 2345 829 2400 orbis
856 2347 1057 2385 terrarum
1085 2343 1398 2393 administretur,
1427 2346 1472 2384 ut
1499 2356 1524 2384 a
1550 2356 1672 2396 quam
1698 2342 1835 2397 paruis
1862 2342 1984 2383 initiis
2009 2355 2182 2396 magnae
2211 2355 2276 2383 res
2304 2342 2424 2383 inter-

260 2422 356 2463 dum
380 2421 574 2477 originem
602 2422 773 2479 capiant,
802 2422 1051 2479 experiatur,
1082 2424 1392 2483 consentaneum
1421 2425 1495 2473 est,
1524 2421 1672 2463 rectius
1702 2420 1753 2462 de
1780 2419 1983 2462 hominum
2013 2419 2184 2475 ingeniis
2209 2422 2252 2461 et
2280 2419 2332 2461 de
2361 2432 2424 2462 oc-

260 2500 378 2541 cultis
413 2501 534 2541 animi
560 2501 733 2541 motibus
760 2501 947 2541 iudicare.
1006 2501 1134 2542 Simul
1160 2504 1295 2542 autem
1322 2500 1541 2541 timendum
1570 2504 1654 2550 est,
1696 2512 1747 2540 ne
1777 2499 1983 2554 repentino
2009 2499 2167 2539 cuidam
2194 2501 2266 2539 aut
2291 2498 2425 2539 amici-

258 2578 339 2618 tiae
376 2582 448 2619 aut
473 2578 539 2619 odi
566 2578 715 2619 feruori
747 2578 912 2618 nimium
951 2578 1111 2619 tribuat.
1159 2577 1257 2619 Tale
1294 2577 1390 2631 quid
1419 2578 1459 2618 in
1497 2578 1542 2620 C.
1579 2578 1764 2620 Graccho
1799 2576 2038 2618 usuuenisse
2073 2575 2252 2626 uidetur,
2302 2587 2424 2629 quem

258 2655 523 2698 uindicandas
554 2656 694 2696 mortis
722 2656 925 2697 fraternae
955 2667 1099 2696 caussa
1124 2655 1358 2696 seditionem
1388 2655 1532 2695 fecisse
1560 2657 1707 2696 censet.
1738 2655 1791 2708 (2,
1823 2655 1888 2709 65
1917 2655 1982 2705 2.).
2041 2652 2247 2695 simillime
2281 2666 2348 2693 res
2377 2665 2423 2693 se

260 2734 402 2782 habet,
434 2746 523 2773 cum
554 2737 712 2782 narrat,
750 2733 967 2774 Caesarem
997 2732 1324 2773 adminiculatum
1348 2745 1460 2782 esse,
1496 2735 1543 2773 ut
1568 2732 1709 2773 Cicero
1737 2732 1778 2771 in
1810 2731 2000 2771 exsilium
2027 2731 2265 2771 mitteretur.
2318 2729 2423 2771 Nam

260 2809 476 2850 Caesarem
512 2809 659 2850 iratum
695 2809 820 2849 fuisse
847 2809 1050 2859 Ciceroni,
1087 2809 1154 2863 qm·
1192 2809 1298 2849 inter
1318 2808 1408 2849 XX
1433 2809 1542 2850 uiros
1571 2808 1683 2861 agris
1716 2807 1945 2847 diuidunffis
1973 2807 2102 2848 creari
2139 2807 2264 2847 nollet
2289 2808 2342 2860 (2,
2369 2808 2422 2847 45

262 2888 369 2942 52).
436 2887 577 2941 Neque
615 2888 720 2927 enim
755 2890 889 2942 potest
924 2899 1015 2927 esse
1049 2886 1231 2938 dubium,
1266 2887 1361 2941 quin
1390 2886 1541 2937 Cicero,
1571 2899 1663 2927 cum
1693 2884 1763 2926 ΙΙΙ
1799 2885 1897 2925 viris
1933 2885 2096 2938 negotia
2128 2884 2340 2939 inportuna
2366 2884 2423 2923 fa·

261 2969 439 3004 cesseret
463 2966 530 3005 uel
560 2969 669 3005 certe
692 2968 830 3019 posset
855 2965 1079 3014 facessere,
1116 2977 1190 3019 per
1218 2964 1401 3006 Clodium
1427 2966 1480 3005 ab
1504 2964 1603 3020 ipsis
1633 2964 1703 3004 ΠΙ
1730 2963 1828 3003 uiris
1851 2963 1991 3018 pulsus
2020 2963 2084 3012 sit,
2112 2966 2324 3017 postquam
2353 2960 2424 3009 eis,

261 3056 361 3096 quas
385 3043 538 3084 Caesar
567 3023 814 3084 honorificas
829 3043 867 3083 ei
896 3042 1217 3093 commendaret,
1241 3042 1317 3083 uiis
1341 3042 1512 3083 Romam
1537 3042 1767 3096 relinquere
1794 3053 1951 3086 summa
1972 3040 2195 3096 pertinacia
2219 3037 2426 3094 repudias-

261 3125 333 3161 set.
366 3121 460 3174 (010.
484 3122 537 3162 ad
564 3121 647 3162 Att.
673 3122 708 3162 2.
744 3122 802 3172 18,
831 3123 867 3164 3.
900 3122 960 3173 19,
977 3124 1012 3163 5.
1044 3122 1313 3172 omanus,
1341 3122 1392 3163 H.
1425 3121 1474 3163 R.
1504 3124 1550 3173 5,
1578 3107 1696 3173 614.)
1758 3120 1902 3175 Itaque
1930 3119 2113 3174 quamuis
2141 3118 2211 3159 ina
2239 3127 2426 3172 pragma-

261 3198 363 3239 ticae
396 3198 650 3240 historiarum
689 3199 912 3255 scriptionis
947 3198 1121 3253 uestigia
1152 3212 1342 3254 magnam
1378 3205 1537 3256 partem
1568 3212 1623 3240 ex
1651 3198 1838 3240 uniuerso
1867 3197 2001 3238 Vellei
2026 3197 2188 3240 consilio
2217 3198 2306 3246 orta
2334 3205 2425 3234 esse

260 3263 477 3331 adpareat,
515 3283 649 3318 tamen
684 3278 810 3318 multo
835 3278 997 3332 saepius
1025 3278 1309 3331 neglegentiae
1339 3278 1552 3319 tribuenda
1579 3279 1694 3327 sunt,
1732 3289 1812 3330 qua
1834 3288 1901 3317 res
1928 3278 2069 3330 gestas
2092 3287 2172 3316 non
2198 3273 2341 3313 idoneo
2368 3271 2424 3312 in-
