2709 3576
255 186 577 239 corinthiisque
604 196 710 229 anno
735 185 1383 238 conditasitbisurrsmmss,
1406 185 1625 239 &stet
1656 185 1705 230 18
1716 186 1858 240 fimi)
1917 183 2424 230 Madau-nb

257 263 427 305 lenitate
454 265 590 304 ortum
615 265 700 311 est,
739 262 848 315 quod
873 261 1109 318 Pomp-ium
1136 261 2140 308 memmae-ammam
2165 263 2423 315 umam

256 353 328 388 ea,
346 337 888 393 qminmordimtu·
915 341 1048 389 esset,
1080 338 1709 397 confirmarentur-(zuflz)
1761 337 2424 393 stiffi-emmaum

256 414 1143 472 inAsiaPompsiusinstitneritadfermr,
1167 415 1667 471 (237fflqnn538AE)
1702 415 2302 472 mn-pmqfflem,
2340 414 2420 467 nbis

256 494 411 536 cnmr
459 493 713 534 consulatum
750 493 970 533 adsecutus
1004 497 1087 543 est,
1131 493 2156 550 utrumilhnpupulooonflnnunintmone
2195 493 2423 548 explicatur

257 572 310 623 (2,
329 573 422 621 44.).
492 571 630 612 Simile
663 571 761 634 quid
800 570 960 610 Velleio
994 572 1142 613 accidit
1169 572 1211 612 in
1238 573 1361 613 rebus
1393 572 1609 613 mandis
1634 571 1820 613 omri·
1856 575 2029 613 nomm
2056 571 2260 613 inum
2315 570 2419 613 Ham

256 663 349 690 cum
381 648 599 690 coniuratis
635 647 744 689 dicat
775 648 1090 705 praeteritarum
1124 663 1261 692 rerum
1294 649 1534 692 obliuionem
1568 661 1803 692 conoe-sam
1835 649 1929 691 esse
1955 648 2020 701 (2,
2040 648 2097 691 ⁵8
2126 649 2149 703 5
2175 650 2240 701 4),
2276 649 2420 693 eodem

257 727 421 766 decreto
460 728 646 766 senatum
686 728 778 765 acta
805 724 993 766 Caesaris
1030 728 1120 766 rata
1157 725 1345 766 habuisse
1380 729 1501 780 atque
1536 738 1640 780 quae
1674 739 1731 765 ex
1766 725 1925 780 seript‘u
1952 725 2040 767 eius
2067 726 2421 782 promulgarentur

256 807 377 844 antea
392 802 650 843 confirmasse
672 791 829 843 omittit.
865 802 958 849 Quo
977 802 1034 852 fit,
1051 806 1097 843 ut
1114 815 1217 855 quae
1236 806 1377 857 postea
1392 804 1447 856 (2,
1459 804 1515 845 60
1531 804 1553 856 S
1568 804 1611 854 4)
1638 803 1689 843 de
1705 802 1806 843 actis
1820 803 2008 855 Caesaris
2029 803 2209 859 proferat
2227 805 2280 845 ab
2294 803 2420 845 Anto-

256 880 322 921 nio
350 879 549 934 corruptis
564 893 642 933 quo
662 880 890 935 pertineant
904 893 982 920 non
998 879 1115 921 facile
1131 879 1492 933 intellegamcfr.
1507 879 1588 922 Cic.
1605 878 1707 922 Phila
1722 879 1785 933 25
1808 881 1893 922 100.
1930 879 2187 923 Drumannus
2207 883 2240 931 1,
2267 882 2320 923 94
2342 882 2419 933 ⁸⁸).

392 956 509 1004 Quae
547 970 639 997 cum
676 956 733 997 ita
770 955 869 1006 sint,
905 956 1023 997 facile
1053 956 1205 997 Kritzio
1231 955 1384 998 LXVI.
1413 956 1707 1006 adsentiamur,
1742 957 1808 1010 qui
1850 970 1948 1013 prpe
1982 956 2191 999 celeritate
2218 950 2420 1000 Velleium

258 1044 335 1077 non
363 1036 419 1076 ita
447 1047 547 1089 opus
578 1034 715 1075 limare
744 1033 922 1089 potuisse
952 1038 1101 1083 censet,
1133 1038 1177 1075 ut
1206 1033 1257 1075 ad
1288 1034 1574 1090 perfectionem
1601 1034 1802 1090 quandam
1828 1034 2108 1077 adduceretur.

1318 1248 1377 1291 11.

394 1351 508 1391 Haec
536 1354 672 1390 autem
698 1350 862 1400 leuitas,
898 1363 1019 1403 quam
1047 1364 1126 1390 non
1153 1364 1321 1405 paruam
1351 1363 1441 1390 esse
1467 1350 1507 1390 in
1535 1350 1691 1391 Velleio
1720 1350 2004 1401 demonstr-aui,
2030 1364 2086 1390 ex
2113 1363 2175 1401 ea,
2202 1355 2323 1404 quain
2349 1352 2421 1392 mi-

257 1432 316 1471 les
352 1434 394 1470 et
431 1443 551 1482 quam
588 1429 629 1468 in
663 1428 757 1468 aula
790 1428 937 1468 deinde
973 1427 1110 1469 Tiberi
1142 1429 1338 1480 degebat,
1372 1428 1456 1469 uita
1486 1429 1594 1469 haud
1630 1429 1849 1470 difficulter
1883 1429 2120 1483 explicatur.
2174 1429 2279 1471 Cum
2314 1430 2420 1470 enim

256 1508 442 1562 scipserit
480 1506 707 1555 historiam,
746 1509 791 1545 ut
819 1503 975 1546 Vinicio
996 1506 1272 1559 gratularetur
1282 1503 1304 1555 ,⁰
1327 1520 1420 1547 eum
1455 1506 1576 1548 altius
1603 1506 1829 1548 reconditos
1853 1507 1984 1548 fontes
2010 1506 2221 1561 inquisisse
2248 1521 2328 1548 non
2353 1521 2421 1562 po-

256 1589 339 1627 test
360 1577 516 1638 putari.
574 1583 657 1624 Sed
695 1583 775 1624 alia
808 1584 931 1625 etiam
967 1587 1078 1632 sunt,
1114 1596 1216 1636 quae
1255 1596 1311 1624 ex
1350 1584 1465 1624 aulae
1501 1583 1789 1625 consuetudine
1827 1583 2069 1638 explicanda
2104 1596 2196 1626 esse
2221 1597 2419 1626 censeam.

257 1663 435 1704 Primum
466 1661 573 1701 enim
610 1675 741 1713 genus
777 1676 856 1714 quo
895 1662 1022 1702 utitur
1058 1662 1216 1702 dicendi
1255 1661 1403 1702 oratori
1433 1674 1555 1714 saepe
1583 1674 1704 1713 quam
1732 1674 1869 1700 rerum
1895 1660 2081 1714 scriptori
2108 1664 2173 1701 est
2198 1662 2422 1703 adcommo-

255 1741 391 1779 datius
420 1742 473 1792 (1,
495 1741 538 1778 11
572 1740 648 1792 56.
679 1739 717 1786 2,
746 1739 799 1778 27
830 1740 854 1794 s
875 1739 912 1780 2.
943 1740 1007 1786 75,
1036 1740 1102 1788 3.).
1151 1739 1269 1784 Quod
1295 1751 1525 1791 quanquam
1549 1750 1623 1792 per
1648 1750 1692 1776 se
1720 1738 1818 1777 nihil
1841 1738 1938 1779 facit
1962 1738 2017 1778 ad
2043 1738 2165 1779 fidem
2191 1739 2420 1780 historicam

257 1818 587 1865 deminuendam,
627 1820 763 1856 tamen
801 1815 1025 1869 periculum
1059 1815 1126 1855 uel
1160 1815 1290 1855 laudis
1321 1815 1489 1856 aliorum
1518 1815 1695 1856 uirorum
1723 1828 1823 1867 quos
1849 1815 2073 1857 admiretur
2098 1815 2215 1865 nimis
2242 1829 2421 1869 exagge-

258 1894 421 1943 randae,
451 1893 518 1933 uel
543 1892 849 1952 uituperationis
873 1891 1042 1934 aliorum
1070 1891 1187 1932 nimis
1209 1891 1479 1933 intendendae
1502 1891 1647 1933 adesse
1674 1891 1931 1933 manifestum
1962 1893 2038 1934 est.
2088 1890 2170 1933 Sed
2196 1892 2353 1934 etiamsi
2367 1893 2421 1935 ab

256 1986 305 2013 eo
345 1971 603 2020 discesseris,
650 1971 756 2024 quod
792 1969 956 2019 nimius,
1003 1973 1050 2010 ut
1085 1969 1192 2010 infra
1227 1968 1471 2018 uidebimus,
1507 1972 1571 2009 est
1601 1968 1643 2009 in
1676 1955 1926 2022 quorundam
1961 1968 2193 2023 posterioris
2229 1970 2420 2024 temporis

258 2050 434 2090 uirorum
462 2049 602 2097 laude,
631 2052 743 2097 sunt,
770 2048 838 2088 ubi
857 2048 898 2088 in
919 2051 1107 2102 apertum
1132 2061 1309 2088 errorem
1339 2047 1538 2095 incurrat,
1566 2049 1780 2100 propterea
1795 2046 1913 2099 -quod
1941 2046 2114 2089 oratoria
2140 2046 2331 2088 adhibere
2358 2061 2421 2088 or-

257 2131 467 2175 namenta,
499 2140 619 2180 quam
648 2125 820 2181 simplici
846 2125 1025 2166 oratione
1056 2125 1115 2166 uti
1142 2125 1292 2167 maluit.
1357 2125 1422 2166 Ita
1450 2124 1507 2165 Ti.
1537 2123 1766 2166 Gracchum
1791 2123 1933 2166 scribit
1967 2123 2027 2165 eis
2052 2124 2196 2178 quibus
2222 2124 2420 2166 interfice·

257 2208 369 2245 retur
406 2189 573 2245 comitiis
612 2203 654 2244 in
690 2204 776 2244 foro
814 2203 977 2244 stetisse
1006 2203 1252 2244 concientem
1290 2203 1376 2243 fere
1405 2202 1526 2244 totius
1561 2201 1706 2244 Italiae
1745 2201 2022 2255 frequentiam.
2055 2202 2119 2255 (2,
2137 2202 2163 2244 3
2196 2203 2219 2256 5
2244 2203 2309 2254 2.).
2361 2202 2420 2244 At

256 2295 347 2322 cum
384 2280 541 2322 comitia
582 2280 827 2322 haberentur
871 2293 1011 2321 mense
1048 2279 1233 2330 Quintili,
1271 2279 1412 2321 rustici
1446 2280 1603 2321 aestate
1639 2278 1827 2334 prohibiti
1860 2278 1902 2322 iu
1937 2279 2079 2322 urbem
2105 2292 2186 2322 non
2211 2282 2419 2323 uenerant„

254 2357 374 2413 (App.
406 2357 450 2398 B.
479 2356 521 2399 C.
556 2358 588 2406 1,
620 2357 697 2408 14.)
781 2356 1034 2398 Simillimum
1071 2358 1152 2407 est,
1187 2356 1292 2410 quod
1334 2359 1534 2398 terrarum
1566 2355 1706 2398 orbem
1734 2353 1870 2397 Tiberi
1898 2355 2126 2410 digressum
2160 2355 2201 2398 in
2233 2354 2421 2399 Rhodum

255 2435 431 2475 sensisse
464 2434 571 2474 dicit.
601 2434 654 2485 (2,
686 2436 762 2475 100
791 2435 813 2487 g
846 2436 895 2485 1.)
948 2433 1068 2474 Orbis
1106 2433 1210 2474 enim
1251 2437 1452 2474 terrarum
1486 2432 1727 2474 Parthorum
1763 2432 1948 2498 incursus
1977 2431 2136 2476 Tiberio
2175 2433 2300 2474 eliam
2334 2436 2421 2475 tum

255 2513 408 2553 Romae
447 2515 628 2552 morante
656 2515 861 2560 senserat,
898 2525 1069 2564 quorum
1105 2511 1255 2551 bellum
1287 2510 1364 2566 ipsi
1401 2509 1558 2551 Tiberio
1597 2509 1832 2551 mandatum
1861 2513 1960 2551 erat.
1997 2510 2087 2564 (Dio
2112 2513 2184 2561 55,
2212 2512 2238 2553 9
2275 2526 2312 2566 p.
2340 2511 2420 2552 352

257 2590 404 2642 Sturz.)
461 2588 616 2630 Eodem
653 2588 843 2631 orationis
881 2588 1185 2645 amplificandae
1223 2588 1356 2630 studio
1391 2590 1625 2643 prouectum
1651 2600 1742 2628 esse
1765 2589 1865 2644 puto
1891 2586 2094 2629 Veneium
2122 2601 2214 2642 cum
2236 2587 2421 2639 Krausio‚

255 2672 300 2709 ut
334 2667 431 2708 VII.
461 2667 743 2716 Domitiorum,
775 2665 843 2719 qui
868 2666 921 2707 ad
960 2665 1211 2707 consulatum
1240 2665 1522 2721 peruenissent
1547 2665 1766 2707 maximam
1795 2666 1952 2720 partem
1982 2664 2251 2720 triumphasse
2284 2679 2421 2708 narra-

186 2755 189 2757 ’
255 2750 338 2793 ret3
369 2749 525 2785 constat
544 2744 651 2784 enim
682 2744 783 2783 duos
809 2743 1089 2798 triumphasse.
1144 2743 1235 2790 Qua
1262 2743 1314 2783 de
1344 2756 1487 2784 caussa
1513 2743 1555 2783 in
1573 2742 1775 2783 Velleium
1805 2742 2050 2783 inuehuntur
2064 2741 2217 2798 Popma
2235 2743 2312 2785 723
2340 2744 2419 2796 (ed.

255 2823 323 2874 R.)
351 2822 619 2861 Ruhnkenius
642 2822 732 2862 103.
763 2821 942 2860 Kritzius
970 2821 1056 2861 121.
1087 2821 1140 2873 (2,
1163 2822 1211 2861 10
1240 2822 1261 2875 5
1283 2821 1338 2872 3),
1368 2821 1472 2875 quod
1500 2833 1548 2861 eo
1575 2819 1712 2860 Tiberi
1740 2820 1915 2873 gratiam
1943 2822 2107 2876 captare
2128 2820 2311 2860 uoluerit.
2355 2821 2421 2861 In·

254 2901 378 2951 iuria,
416 2901 457 2941 ni
486 2901 612 2941 fallor.
664 2899 806 2954 Neque
835 2899 941 2940 euim
976 2899 1095 2940 uideo
1124 2911 1215 2940 cum
1240 2899 1512 2954 unusquisque
1543 2902 1729 2954 apertum
1757 2910 1936 2939 errorem
1960 2898 2140 2940 refutare
2167 2901 2315 2954 posset,
2334 2910 2421 2953 >quo

256 2980 374 3019 modo
412 2979 521 3033 apud
552 2978 746 3018 Domitios
783 2978 865 3017 hac·
893 2990 938 3017 re
964 2977 1139 3029 gratiam
1176 2977 1319 3016 inierit.
1358 3000 1412 3006 —
1449 2977 1540 3017 Non
1566 2988 1770 3029 nunquam
1805 2978 1942 3016 autem
1972 2976 2118 3016 accidit
2125 3006 2152 3026 ,ξ
2178 2979 2225 3017 ut
2266 2989 2347 3016 non
2380 2976 2422 3014 in

256 3069 453 3105 errorem,
486 3056 558 3095 sed
597 3056 639 3095 in
668 3055 936 3095 insulsitatem
966 3054 1168 3108 quandam
1195 3056 1362 3109 propter
1385 3054 1544 3094 dicendi
1571 3054 1770 3109 ampullas
1797 3053 1956 3094 incidat.
2007 3053 2073 3094 Ita
2098 3053 2311 3094 Lucullum
2338 3052 2422 3093 lau-

256 3135 371 3183 dans,
399 3134 504 3188 quod
532 3133 683 3173 bellum
711 3132 1040 3173 Mithradaticiun
1075 3132 1240 3186 egregie
1267 3132 1461 3186 gesserit,
1497 3134 1579 3173 tam
1602 3144 1723 3188 saepe
1752 3144 1844 3171 eum
1872 3131 2017 3172 uicisse
2042 3131 2174 3182 addit,
2213 3133 2259 3170 ut
2292 3129 2423 3183 magis

255 3197 430 3253 noluisse
459 3223 550 3251 eum
565 3210 747 3251 ultimam
774 3210 880 3252 bello
910 3192 1073 3251 manum
1101 3210 1306 3265 imponere
1338 3222 1459 3263 quam
1480 3222 1560 3251 non
1576 3208 1755 3265 potuisse
1774 3208 2001 3264 adpareret.
2031 3210 2083 3263 (2
2101 3209 2166 3259 33,
2189 3209 2250 3259 1.).
2302 3206 2421 3254 Quod

255 3288 289 3329 si
319 3300 459 3329 uerum
488 3293 615 3336 esset,
653 3299 809 3328 summo
837 3286 1048 3341 opprobrio
1075 3289 1187 3327 esset
1216 3285 1393 3328 Lucullo.
1451 3285 1604 3328 Eodem
1630 3285 1749 3327 modo
1778 3284 1836 3326 Ti.
1866 3284 2075 3329 Gracchus
2103 3284 2168 3325 uir
2196 3282 2422 3324 nominatur
