2709 3576
1305 91 1337 141 8

238 208 354 262 fugit
420 206 720 248 Inconstantiae
751 205 860 245 οιιὶιιι
880 207 979 255 est,
1014 203 1223 246 Gracchos
1259 202 1809 258 mundaum,
1817 202 2410 321 1>QO

239 289 323 328 tem
350 284 598 339 praedicare.
654 282 776 329 Quod
802 282 911 322 unde
934 280 1212 330 deamat,
1238 279 1345 321 infles
1369 278 1536 321 obdu
1529 278 1913 333 m(JiHe).
2048 299 2057 305 Α

375 361 571 403 Attamen
613 361 677 401 ab·
705 358 908 409 omm‘bus,
963 358 1011 398 id
1041 357 1149 411 quod
1185 356 1355 405 maximi
1387 356 1430 397 in
1465 355 1604 400 Vena
1629 356 2055 400 uino-diiudicanda
2082 314 2295 400 namuh·
2309 367 2406 399 esse

239 440 432 489 arbitror,
469 438 660 480 omissum
693 450 786 477 esse
810 436 950 487 uideo,
983 436 1092 489 quod
1118 438 1214 476 ante
1239 446 1364 488 qum
1386 433 1430 474 in
1455 432 1592 474 'siben’
1614 433 1711 475 aula
1733 445 1829 475 nse
1853 431 2105 491 mapsa!
2128 433 2249 477 vffl.
2267 447 2408 480 mm·

240 518 317 558 sub
346 515 507 557 Tiberio
539 515 581 555 in
607 514 828 557 Germania
852 513 1138 567 Pannoniaque
1166 509 1373 568 stipendia.
1407 511 1613 552 merserat
1637 510 1700 570 (2,
1725 510 1814 553 104.
1840 510 1908 562 3.).
1954 510 2133 555 Q
2153 519 2296 554 aum
2320 525 2403 553 me·

241 594 368 635 moria
405 592 590 655 quamuis
626 592 782 633 aulicae
817 590 926 631 uitae
963 588 1252 631 consuetudine
1286 587 1418 641 magis
1450 585 1663 641 magisque
1695 586 2035 644 oblittemtavsit,
2068 589 2297 647 hmsnbie
2320 589 2405 635 illie

240 670 479 712 militaribus
515 669 692 710 moribus
727 668 942 709 adsuetum
977 680 1023 708 se
1053 668 1245 722 praestat.
1313 663 1391 706 Rei
1417 663 1525 722 enim
1545 664 1735 706 militatis
1758 664 1933 720 peritum
1958 677 2054 707 enm
2074 665 2202 708 finisse
2230 667 2406 721 (sed-'ita

239 748 434 804 peritum,
461 750 508 787 nt
534 748 681 787 bonum
708 745 890 797 legatum
916 757 1011 785 eum
1038 757 1129 784 esse
1157 743 1342 792 eluceat,
1363 742 1509 783 bonum
1536 727 1823 797 imperatoreni
1844 742 1917 783 uix
1943 742 2123 800 futurum
2148 743 2289 797 fuisse)
2313 757 2403 800 pro-

241 827 361 865 batur
389 824 468 873 eis,
506 836 609 876 quae
638 822 689 861 de
714 824 803 862 arte
832 820 968 861 Tiberi
987 820 1182 861 'bellandi
1215 818 1378 860 disserit
1404 819 1457 871 (2,
1488 819 1563 859 114
1591 819 1679 871 sq.).
1732 817 1888 874 Nempe
1928 829 1979 861 ea
2013 820 2263 875 potissimum
2287 834 2408 877 prae<

239 903 364 951 dicat,
402 914 506 956 quae
549 899 733 954 quamuis
763 898 816 939 ad
843 898 994 939 bellum
1022 899 1123 939 bene
1151 896 1376 950 gerendum
1404 895 1622 938 maximam
1648 895 1731 937 uim
1757 892 1933 938 habeant
1968 899 2106 939 tamen
2134 911 2306 953 magnus
2331 899 2404 940 im-

239 982 403 1034 perator
426 979 485 1018 eis
513 991 592 1018 non
620 977 802 1017 efficitur.
860 976 1092 1017 Studiosum
1121 978 1255 1015 autem
1284 974 1526 1015 remansisse
1551 987 1645 1015 eum
1673 975 1734 1015 rei
1761 974 1928 1016 bellicae
1955 987 2005 1016 eo
2030 976 2156 1030 patet,
2185 975 2291 1029 quod
2317 976 2403 1018 lau·

240 1057 343 1097 dans
380 1056 432 1096 de
459 1055 569 1096 Hirti
596 1054 834 1108 Pansaeque
862 1053 1038 1094 consiliis
1067 1054 1213 1102 refert,
1242 1052 1312 1106 qui
1338 1052 1502 1094 Caesari
1530 1065 1582 1093 ne
1608 1052 1834 1094 exercitum
1860 1052 2080 1094 dimitteret
2105 1053 2315 1095 suaserint.
2345 1053 2400 1108 (2,

240 1136 293 1177 57
323 1136 344 1190 5
377 1137 409 1175 1.
440 1134 510 1174 cfr.
542 1133 750 1173 Plutarchi
777 1132 893 1173 Caes.
922 1133 974 1173 57
1004 1133 1025 1186 S
1055 1133 1080 1172 4
1109 1130 1278 1186 [Bekk]
1315 1131 1391 1172 Dio
1417 1131 1491 1181 48,
1518 1131 1554 1170 7.
1591 1130 1762 1197 Appian.
1789 1130 1984 1182 B.c.2,
2016 1132 2102 1174 109.
2146 1131 2401 1174 Drumannus

240 1214 278 1262 3,
306 1214 390 1252 71²
401 1214 438 1263 ⁸)
516 1212 666 1252 Contra
700 1223 802 1263 quas
835 1222 894 1250 ex
926 1209 1086 1262 magnis
1120 1208 1366 1249 exercitibus
1401 1208 1526 1249 otiose
1559 1209 1773 1262 agentibus
1807 1209 1903 1251 oriri
1936 1209 2102 1264 possent
2129 1209 2401 1261 difficultates,

241 1291 344 1330 bene
372 1289 448 1329 sibi
475 1291 565 1328 erat
592 1286 774 1327 conscius
801 1286 1043 1339 (2.81,1..)
1110 1286 1159 1326 In
1187 1285 1326 1340 primis
1353 1288 1487 1326 autem
1515 1285 1683 1326 miiltem
1710 1286 1906 1341 produnt,
1939 1299 2044 1340 quae
2070 1287 2123 1328 de
2150 1287 2335 1329 fortunae
2360 1289 2403 1329 ui

238 1372 360 1421 atque
388 1367 430 1406 in
456 1366 573 1406 bellis
600 1364 815 1420 praecipue
841 1364 1021 1419 potentia
1057 1363 1217 1418 saepius
1243 1363 1454 1417 significat.
1509 1362 1571 1404 Vt·
1591 1363 1698 1404 enim
1721 1363 1914 1415 omittam,
1939 1375 2044 1417 quae
2070 1363 2232 1428 dicendi
2256 1365 2403 1424 formu·

239 1444 304 1485 lae
332 1442 488 1498 possint
515 1441 656 1491 uideri,
685 1441 905 1482 Fortunam
933 1441 975 1481 in
994 1440 1170 1481 Caesare
1185 1440 1336 1490 mitem,
1363 1440 1542 1480 saeuisse
1558 1440 1610 1481 ad
1629 1439 1855 1488 Orientem3
1883 1441 1936 1494 (2
1962 1441 2028 1492 81,
2056 1443 2088 1483 1.
2115 1454 2172 1482 ex
2193 1440 2322 1483 Haasi
2340 1453 2402 1482 re·

240 1520 464 1571 stitutione)
490 1518 707 1559 maioribus
735 1517 1026 1572 experimentis
1053 1520 1247 1558 testatum
1273 1529 1378 1567 esse,
1404 1520 1597 1571 quantum
1624 1517 1665 1557 in
1693 1517 1800 1559 omni
1825 1529 1870 1557 re
1892 1517 2055 1560 fortuna
2069 1520 2207 1574 posset
2233 1519 2287 1572 (2
2311 1519 2400 1569 116,

240 1598 316 1649 3.):
354 1598 556 1637 fortunam
583 1598 626 1635 et
653 1595 846 1634 uirtutem
865 1595 1059 1635 'bellicam
1094 1595 1150 1633 ita
1174 1607 1255 1636 non
1282 1606 1486 1646 nunquam
1513 1582 1737 1647 coniungit,
1772 1597 1820 1635 ut
1843 1594 1955 1653 illam
1981 1595 2261 1636 necessarium
2279 1595 2402 1650 quod-

239 1674 335 1715 dam
363 1673 456 1714 boni
482 1672 736 1727 imperatoris
763 1671 1040 1731 adiumentum
1067 1683 1157 1710 esse
1180 1670 1400 1724 uirtutique
1426 1673 1639 1724 cognatam
1662 1683 1756 1712 eum
1775 1673 1919 1726 putare
1934 1671 2143 1714 efficiatur.
2187 1672 2308 1714 Certe
2324 1673 2403 1714 for-

239 1755 361 1792 tunae
390 1750 589 1791 mentione
617 1749 805 1790 Caesaris
833 1748 886 1801 (2.
916 1749 991 1798 55,
1018 1749 1073 1799 3.)
1100 1747 1313 1801 Tiberique
1343 1747 1424 1800 (97,
1453 1748 1490 1787 4.
1522 1748 1619 1798 106,
1647 1748 1685 1789 3.
1715 1748 1803 1799 121,
1823 1748 1879 1800 3.)
1907 1748 2077 1802 gloriam
2102 1749 2289 1790 bellicam
2314 1751 2403 1792 tan-

242 1833 328 1869 tum
357 1829 485 1876 abest,
516 1831 561 1867 ut
589 1808 809 1867 arbitretur
834 1825 1027 1873 imminui,
1054 1831 1099 1866 ut
1125 1825 1328 1866 cumulum
1355 1825 1394 1865 ei
1420 1825 1613 1866 accedere
1641 1825 1857 1867 existimet-

376 1903 466 1945 Tali
492 1903 617 1957 igitur
643 1902 730 1944 uiro
757 1905 801 1943 et
825 1901 995 1957 pristino
1021 1902 1272 1957 imperatoris
1300 1901 1554 1943 commilitoni
1580 1902 1676 1956 quin
1701 1902 1893 1944 nonnulla
1918 1904 1962 1944 et
1988 1902 2123 1944 dicere
2157 1907 2200 1944 et
2226 1903 2402 1945 scribere

240 1982 411 2030 licuerit,
440 1981 529 2021 aliis
557 1993 637 2020 non
661 1979 869 2035 permissa,
899 1979 1074 2020 dubitari
1101 1979 1247 2032 nequit.

1278 2172 1362 2216 111.

376 2274 526 2316 Contra
562 2288 658 2314 num
692 2287 790 2313 usus
828 2273 881 2314 sit
915 2273 986 2314 illa
1022 2273 1183 2314 licentia
1219 2276 1262 2314 et
1296 2274 1492 2327 quomodo
1528 2287 1626 2314 usus
1655 2274 1725 2325 sit,
1759 2275 1900 2329 quaeri
1926 2277 2069 2330 potest.
2125 2275 2240 2317 Haec
2266 2280 2402 2318 autem

241 2353 425 2407 quaestio
452 2352 493 2392 in
521 2364 569 2392 eo
596 2352 772 2391 maxime
800 2350 963 2390 uidetur
995 2363 1088 2390 esse
1122 2351 1267 2405 posita,
1306 2353 1352 2390 ut
1385 2351 1544 2404 qualem
1579 2364 1625 2391 se
1648 2351 1902 2406 praestiterit
1925 2352 1969 2391 in
1993 2351 2202 2393 discordiis
2228 2343 2402 2408 partium

240 2428 517 2470 describendis
553 2430 596 2468 et
631 2427 713 2468 utri
747 2427 854 2482 parti
888 2426 1063 2467 deditior
1098 2427 1152 2467 sit
1183 2430 1421 2482 exponatur.
1477 2427 1607 2474 Qua.
1594 2441 1638 2472 ιιι
1662 2440 1708 2468 re
1733 2427 1777 2471 in
1802 2429 2014 2482 utramque
2040 2430 2198 2484 partem
2225 2443 2251 2470 a
2270 2418 2404 2470 Vellei

241 2494 587 2547 existimatoribus
614 2506 826 2559 peccatum
852 2508 927 2543 est.
992 2503 1095 2545 Cum
1121 2504 1226 2544 enim
1253 2503 1323 2545 alii
1351 2503 1567 2559 (Sauppius
1596 2505 1688 2558 170)
1715 2504 1844 2546 omnis
1878 2517 1970 2548 etun
2001 2505 2159 2548 omnino
2185 2506 2307 2547 iudici
2331 2519 2404 2547 ex·

243 2586 401 2639 pertem
437 2595 529 2623 esse
564 2584 774 2631 censeant,
816 2583 863 2622 ut
906 2581 958 2622 de
991 2581 1089 2637 reip.
1127 2581 1279 2624 liberae
1314 2581 1560 2637 temporibus
1592 2582 1679 2624 fere
1713 2580 1812 2623 nihil
1844 2570 2077 2640 protulerit,
2118 2584 2403 2639 praeterquam

239 2660 348 2715 quod
385 2673 440 2701 ex
476 2659 694 2713 ingeniosis
723 2658 1015 2700 sententiarum
1041 2658 1195 2701 lusibus
1221 2658 1563 2715 proficisceretur,
1604 2658 1692 2710 alii,
1733 2672 1812 2713 quo
1838 2658 1882 2701 in
1906 2671 2074 2702 numero
2099 2659 2314 2716 praecipue
2340 2665 2404 2703 est

240 2737 463 2788 Krausius,
499 2738 550 2779 ab
587 2736 837 2792 optimatium
873 2736 1057 2792 partibus
1085 2738 1194 2778 stare
1220 2749 1315 2789 eum
1341 2735 1566 2779 adfirmant.
1621 2735 1699 2779 Est
1723 2739 1860 2779 autem
1886 2736 2104 2799 (Sauppius
2136 2728 2240 2790 161.)
2265 2737 2405 2781 distin-

240 2815 448 2869 guendum
477 2814 584 2855 inter
611 2813 745 2869 priora
772 2816 956 2869 tempora
983 2816 1026 2855 et
1053 2813 1297 2864 recentiora,
1332 2812 1519 2856 Caesaris
1545 2813 1760 2855 Octauiani
1785 2809 1931 2856 Tiberi.
2000 2813 2154 2857 Caesar
2183 2815 2291 2857 enim
2324 2816 2414 2871 pri-'

240 2906 331 2933 mus
365 2891 541 2932 anticum
575 2904 711 2932 rerum
748 2893 900 2931 statum
933 2890 993 2932 ita
1025 2903 1188 2945 pessum
1224 2890 1358 2940 dedit,
1400 2893 1446 2932 ut
1485 2903 1605 2932 nemo
1639 2893 1783 2945 postea
1816 2903 1909 2931 eum
1943 2890 2223 2945 redintegrare
2254 2894 2402 2948 posset.

241 2968 442 3017 Quoniam
478 2968 603 3022 igitur
629 2967 814 3009 Velleius
846 2968 1066 3009 fidissimus
1100 2967 1258 3009 assecla
1284 2965 1420 3008 Tiberi
1454 2969 1564 3018 erat,
1601 2966 1671 3021 qui
1702 2966 1747 3008 in
1772 2966 1960 3010 Caesaris
1990 2980 2164 3022 regnum
2197 2967 2405 3017 successit,

240 3059 333 3086 eum
370 3045 589 3087 Caesarem
630 3058 788 3097 quoque
830 3045 1023 3085 admirari
1057 3047 1370 3085 consentaneum
1404 3046 1504 3085 erat.
1560 3043 1798 3084 Aduersarii
1831 3045 1969 3086 autem
2001 3047 2048 3088 et
2071 3044 2258 3087 Caesaris
2288 3043 2404 3085 Pom-

240 3121 355 3176 peius
382 3125 425 3161 et
453 3121 664 3162 Octauiani
691 3121 892 3166 Antonius
919 3120 1097 3176 Lepidus
1126 3120 1165 3161 S.
1193 3120 1408 3178 Pompeius
1434 3121 1598 3162 diuersa
1624 3120 1779 3161 ratione
1806 3123 2047 3169 tractantur...
2095 3120 2258 3163 Etenim
2289 3119 2405 3163 Pom·
2445 3131 2448 3133 ·

240 3198 392 3253 peium,
445 3212 535 3239 cum
577 3198 657 3239 iam
685 3197 838 3239 Caesar
872 3201 1074 3239 mortuum
1109 3197 1314 3247 deflesset,
1348 3197 1439 3250 (Dio
1465 3198 1539 3248 42,
1574 3198 1617 3249 8)
1652 3197 1896 3252 posteriores
1925 3181 2190 3255 imperatores
2222 3196 2415 3241 omnibus

240 3274 369 3315 modis
405 3274 683 3315 extollendum
718 3274 794 3315 sibi
821 3276 1043 3315 sumebant.
1074 3274 1183 3327 (Tac.
1213 3287 1276 3315 an.
1305 3275 1343 3323 3,
1372 3275 1453 3326 72.)
1522 3274 1615 3322 Quo
1642 3274 1793 3316 factum
1819 3277 1903 3325 est,
1939 3279 1986 3317 ut
2011 3275 2081 3329 qui
2107 3272 2227 3316 aulici
2282 3271 2411 3312 iudici
