2709 3576
1321 71 1380 122 13

277 187 450 243 Μ’
464 185 630 236 -fflrt,
658 185 755 227 -ubi‘
771 185 903 227 claros·
936 186 984 226 et
1018 188 1162 241 poetas
1187 187 1232 225 et
1259 187 1438 225 oratores
1467 182 1740 224 Romanos-mn
1767 188 1968 233 recenset3
2004 185 2078 225 sed
2105 188 2267 226 ueteres
2293 186 2437 240 prioris

277 246 844 319 *eademnam
870 263 1142 304 ‹at-essem
1187 262 1396 311 Quorum,
1423 261 1502 302 etsi
1527 260 1689 301 nomina
1715 261 1959 312 addidisset,
1986 266 2124 316 posset
2153 266 2289 304 emen
2315 263 2438 304 etiam

276 339 764 391 *dubimwutoem
793 351 892 381 uere
917 340 1136 393 diEgenter
1162 351 1234 380 eos
1259 339 1525 395 inspexisset,
1551 350 1690 379 necne.
1722 342 1774 392 (1.
1808 341 1869 389 17,
1897 340 1978 391 2.),
2009 339 2110 380 Veri
2139 343 2274 380 autem
2303 343 2366 381 est
2387 340 2438 380 si-

279 417 515 468 mfflinm,
542 428 641 458 eun
664 418 718 458 'in
752 419 875 458 rebus
908 417 1093 458 externis
1116 416 1384 472 ‹1er
1415 417 1540 470 Trogi
1565 416 1730 471 Pompei
1760 417 1933 457 historiis
1964 430 2056 457 esse
2083 431 2211 457 usum.
2244 418 2438 469 (Kritzius

279 494 553 548 mvm)
613 494 734 543 Quod
770 495 890 537 haud·
913 495 997 536 scio
1027 507 1086 536 'an
1121 494 1304 536 concludi
1330 495 1456 549 possit
1482 479 1639 535 Iustino
1664 495 1728 535 34.
1758 497 1797 544 4,
1833 496 1892 536 10.
1924 499 2154 550 comparato
2183 508 2275 535 cum
2304 494 2438 535 Vellei

279 573 428 625 uerbis,
452 585 557 628 quae
583 575 680 614 sunt
703 573 742 615 2.
763 575 803 623 4,
830 574 864 613 1.
909 570 989 613 Hic
1011 571 1120 613 enim
1145 571 1358 613 manifesto
1381 570 1545 621 errauit,
1573 571 1641 625 qui
1653 571 1923 612 Aristonicum
1952 585 1977 613 a
1998 571 2204 627 Perperna
2230 572 2271 613 in
2302 573 2438 613 trium·

279 651 359 707 pho
385 650 552 692 ductum
575 663 667 692 esse
691 653 896 699 nan-aren
929 662 1024 691 nam
1052 648 1260 704 Perperna
1288 648 1458 689 Romam
1486 648 1691 689 decedens
1718 662 1772 688 ex
1798 649 2001 704 prouincia
2033 652 2213 690 mortuus
2239 654 2312 690 est
2342 650 2439 704 (Ap-

280 728 384 783 pian.
413 727 528 782 Πίῳ.
550 728 634 779 60.)
688 727 777 769 Iam
804 739 903 769 neno
931 726 1112 768 Iustinus
1134 739 1159 766 e
1172 724 1309 779 Trogo
1334 727 1473 776 refert,
1499 724 1556 766 Μ.
1577 725 1793 779 Aquilium,
1822 726 2052 781 Perpernae
2080 741 2366 777 successorem,
2394 730 2439 768 ut

281 803 551 846 Aristonicum
578 803 697 855 huie,
724 804 793 858 qui
819 806 982 859 captum
1012 815 1106 845 eum
1133 805 1304 854 teneret,
1332 803 1518 858 eriperet,
1546 802 1761 844 fesfinasse
1791 802 1938 854 „uelut
1963 805 2039 847 eui
2055 805 2203 861 potius
2231 803 2443 861 triumphi

280 895 450 924 manus>
469 895 559 923 esee
587 880 790 923 deberet!
847 880 965 928 Quae
990 879 1150 920 dicendi
1177 879 1358 929 romula,
1387 880 1473 921 sine
1499 880 1622 920 dubio
1650 893 1676 920 a
1703 880 1836 934 Trogo
1862 881 2002 935 petita,
2033 881 2289 921 festinantem
2317 882 2438 921 lecto-

280 970 368 999 rem
392 971 440 998 eo
466 959 596 1013 potuit
620 959 825 1009 inducere,
852 960 901 998 ut
924 957 1048 998 nihilo
1073 957 1205 997 minus
1231 960 1275 997 et
1299 956 1547 1012 Perpernun
1576 957 1820 1011 triumphum
1848 958 2015 998 duxisse
2044 938 2317 998 etAristonici
2344 972 2436 998 eum

280 1035 509 1090 praesentia
537 1037 779 1077 exornatum
802 1046 894 1075 esse
920 1033 1161 1089 opinaretur.

422 1111 644 1154 Praeterea
673 1111 895 1153 rectissime
924 1110 1103 1152 Kritzius
1129 1110 1373 1166 suspicatur,
1402 1111 1605 1152 Velleium
1635 1111 1759 1152 Attici
1780 1111 1937 1167 ‚scripta
1966 1112 2000 1152 si
2027 1125 2105 1152 non
2135 1118 2315 1152 secutum
2345 1124 2436 1151 esse

282 1193 392 1232 certe
424 1192 519 1232 ante
550 1189 686 1230 oculos
722 1188 920 1230 habuisse.
968 1187 1073 1229 Nam
1105 1200 1208 1241 quae
1233 1188 1284 1227 de
1312 1188 1380 1229 illo
1409 1188 1535 1230 tradit
1561 1189 1770 1231 Cornelius
1797 1189 1932 1244 Nepos
1961 1191 2060 1242 (Att.
2095 1189 2155 1239 18,
2191 1191 2250 1241 1.),
2276 1202 2369 1228 eum
2396 1189 2437 1229 in

281 1269 468 1325 operibus
503 1268 779 1311 difficillimam
811 1280 899 1308 rem
931 1267 1171 1320 adgressum
1205 1279 1317 1317 esse,
1360 1270 1406 1307 ut
1431 1267 1743 1322 uniuscuiusque
1773 1268 1870 1308 clari
1898 1268 1975 1307 uiri
2001 1261 2242 1323 propagines
2270 1268 2437 1307 familia-

281 1358 449 1401 rumque
475 1335 944 1399 originem‘subtexeret,
970 1344 1115 1385 eadem
1141 1344 1183 1384 in
1213 1343 1413 1385 Velleium
1441 1345 1602 1386 cadunt.
1631 1346 1846 1400 (Sauppius
1868 1347 1971 1393 159.)
2020 1346 2100 1393 Qui
2129 1345 2435 1398 diligentissime

280 1424 584 1473 animaduertit,
624 1435 728 1477 quae
762 1422 868 1463 inter
899 1422 1008 1463 uiros
1035 1421 1166 1463 claros
1191 1422 1420 1475 nobilesque
1448 1423 1633 1476 cognatio
1660 1422 1952 1472 intercesserit,
1989 1423 2227 1477 praesertim
2255 1423 2289 1462 si
2317 1423 2436 1477 adop-

279 1501 386 1542 tione
420 1503 464 1541 et
496 1500 688 1553 adgnatio
715 1503 759 1540 et
783 1511 928 1540 nomen
955 1500 1111 1539 mutata
1141 1502 1244 1539 sunt.
1301 1499 1366 1540 Sic
1392 1499 1450 1540 Ti.
1481 1499 1656 1542 Gracchi
1683 1500 1877 1552 originem
1907 1501 1957 1553 (2.
1988 1501 2026 1549 2,
2066 1503 2125 1551 1.),
2157 1501 2214 1539 sic
2243 1500 2437 1554 Scipionis

244 1626 246 1628 q
280 1577 452 1619 Nasicae
495 1581 537 1618 et
572 1590 663 1618 cum
697 1576 741 1617 P.
772 1576 961 1617 Africano
996 1578 1039 1616 et
1074 1588 1165 1616 cum
1188 1575 1381 1619 Gracchis
1410 1576 1689 1630 cognationem
1727 1578 1779 1629 (2.
1809 1578 1847 1627 3,
1881 1579 1943 1629 1.),
1979 1578 2036 1617 sic
2074 1577 2195 1617 Fului
2223 1577 2358 1617 Flacci
2397 1581 2439 1616 et

249 1661 253 1664 ’
280 1655 407 1697 Manli
433 1655 590 1696 Acidini
620 1655 672 1708 (2.
705 1654 741 1705 8,
769 1654 824 1706 2.)
855 1653 1051 1708 explicat;
1086 1652 1143 1693 sie
1178 1655 1342 1706 gentem
1368 1653 1581 1695 Domitiam
1621 1654 1832 1705 describit,
1872 1659 1913 1694 et
1940 1655 2075 1709 paullo
2104 1660 2195 1709 post
2221 1654 2436 1695 Caeciliam

282 1734 334 1787 (2.
366 1735 427 1784 10,
452 1734 478 1774 2
508 1735 551 1773 et
576 1733 646 1784 3.);
690 1731 748 1772 sic
776 1731 928 1773 Sullam
956 1744 981 1772 a
1010 1730 1192 1772 Cornelio
1219 1730 1364 1771 Rufino
1394 1735 1527 1772 ortum
1555 1728 1646 1772 e'sse
1674 1737 1958 1773 commemorat
1998 1733 2048 1785 (2.
2085 1735 2145 1781 17,
2171 1734 2237 1784 2.),
2269 1733 2437 1782 dubitat,

281 1814 379 1866 quot
405 1807 683 1866 Pompeiorum
715 1810 865 1850 fuerint
895 1808 1070 1850 familiae
1110 1810 1161 1862 (2.
1188 1809 1253 1859 21,
1283 1810 1350 1860 5.),
1390 1809 1458 1862 qui
1493 1809 1648 1864 primus
1679 1823 1735 1850 ex
1771 1813 1893 1863 gente
1923 1810 2124 1865 Pompeia,
2143 1811 2281 1850 consul
2306 1811 2437 1851 factus

282 1888 336 1930 sit
365 1900 588 1942 nomenque
616 1887 757 1929 matris
786 1886 918 1929 Gnaei
943 1885 1108 1941 Pompei
1145 1886 1279 1927 adfert
1312 1886 1363 1939 (2.
1396 1888 1428 1935 1,
1457 1888 1503 1936 43
1531 1887 1597 1937 29,
1625 1888 1692 1940 2.),
1733 1886 1920 1928 Caesaris
1947 1888 2027 1940 (41,
2058 1888 2112 1939 2.)
2149 1879 2437 1941 Octauiamque

281 1966 362 2020 (59,
389 1966 446 2018 2.)
471 1969 642 2006 stemma
669 1964 866 2020 depingit,
894 1963 1066 2017 denique
1091 1975 1170 2003 non
1195 1963 1281 2002 sine
1308 1958 1460 2003 laetitia
1490 1964 1666 2017 quadam
1705 1964 1745 2004 in
1768 1964 1892 2019 ipsius
1920 1965 2156 2014 maioribus,
2186 1966 2254 2018 qui
2278 1965 2437 2014 fuerint,

281 2043 519 2085 definiendis
562 2045 751 2100 uersatur
790 2042 842 2095 (2.
874 2042 933 2083 16.
961 2041 1026 2093 2.).
1083 2040 1226 2095 Neque
1262 2053 1360 2081 uero
1401 2040 1443 2081 in
1483 2040 1546 2081 his
1582 2042 1764 2095 gentium
1807 2041 2079 2083 Romanarum
2105 2042 2437 2098 descriptionibus

280 2124 463 2176 tempora
496 2120 781 2175 distinguenda
810 2131 901 2159 esse
924 2122 1032 2173 puto.
1063 2118 1200 2172 (ΠΗ.)
1250 2118 1332 2160 Sed
1360 2118 1466 2159 enim
1495 2131 1635 2160 eorum
1662 2120 1860 2171 uirorum,
1890 2134 2056 2174 quorum
2086 2121 2127 2161 in
2154 2134 2284 2174 genus
2313 2127 2359 2162 ut
2380 2122 2437 2162 in-

280 2198 478 2253 quireret,
505 2197 666 2239 maioris
692 2196 800 2238 illius
822 2195 955 2251 operis
982 2190 1287 2251 praeparatione
1312 2195 1601 2247 adduceretur,
1631 2196 1801 2239 stemma
1829 2197 2080 2251 diligentiore
2111 2211 2207 2239 cura
2234 2198 2436 2253 depictum

280 2290 384 2326 esse,
413 2290 488 2331 per
513 2289 558 2316 se
584 2275 816 2316 diluicidum
841 2277 916 2316 est.
971 2274 1029 2314 At
1055 2286 1194 2314 eorum
1220 2272 1396 2327 ipsorum
1423 2272 1572 2328 stirpes
1599 2274 1832 2329 saepissime
1860 2276 1912 2317 ad
1939 2289 2135 2317 summam
2158 2275 2436 2329 antiquitatem

281 2354 544 2395 adscendunt.
600 2353 745 2407 Itaque
778 2352 965 2406 quoniam
998 2351 1039 2392 in
1070 2351 1140 2393 illo
1175 2337 1324 2393 maiore
1352 2364 1471 2406 opere
1499 2354 1543 2393 et
1572 2351 1766 2408 Scipionis
1792 2353 1986 2404 Nasicae,
2015 2353 2180 2409 Pompei
2207 2354 2346 2407 Magni
2377 2367 2438 2394 so-

282 2432 365 2473 ceri
388 2433 441 2485 (2.
470 2433 536 2482 54,
563 2432 640 2484 3.),
681 2434 725 2472 et
752 2430 965 2486 Scipionis,
994 2430 1122 2472 Iuliae
1150 2430 1324 2471 adulteri
1353 2431 1403 2483 (2.
1437 2431 1526 2481 100,
1554 2432 1623 2483 5.),
1651 2431 1799 2472 mentio
1827 2431 2024 2472 inicienda
2053 2434 2159 2481 erat,
2204 2431 2288 2472 sine
2317 2431 2438 2472 dubio

279 2509 439 2550 illorum
467 2509 638 2558 maiores
665 2508 813 2563 optime
841 2520 1079 2548 enumerare
1107 2509 1246 2562 potuit.
1306 2509 1421 2549 Idem
1450 2508 1492 2548 in
1518 2508 1714 2550 Domitios
1745 2509 1853 2549 cadit
1881 2510 1932 2562 (2.
1955 2510 2018 2559 72,
2037 2510 2073 2551 3.
2106 2510 2183 2559 84,
2201 2510 2255 2561 2.)
2283 2512 2325 2549 et
2353 2509 2439 2549 Me-

279 2587 399 2628 tellos
428 2588 481 2640 (2.
509 2587 575 2637 34,
605 2587 657 2638 1.)
685 2588 728 2626 et
752 2585 972 2641 Pompeioe.
1035 2585 1127 2626 Huc
1162 2581 1263 2626 illud
1294 2599 1448 2640 quoque
1475 2587 1673 2640 pertinet,
1713 2587 1819 2639 quod
1843 2587 2003 2641 saepius
2030 2600 2096 2627 res
2123 2600 2272 2641 paruas
2299 2588 2350 2626 ab
2380 2586 2438 2625 eis

280 2665 421 2717 gestas
455 2666 614 2715 narrat,
650 2663 720 2719 qui
745 2676 769 2703 e
795 2662 943 2711 talibus
973 2663 1163 2717 gentibus
1190 2663 1268 2704 orti
1302 2666 1410 2711 sunt3
1447 2663 1506 2703 sic
1533 2663 1581 2704 D.
1609 2664 1725 2704 Bruti
1755 2664 1796 2703 in
1823 2663 2020 2718 Hispania
2049 2664 2261 2718 imperium
2290 2664 2438 2703 descri-

280 2742 348 2782 tur
376 2741 428 2795 (2.
456 2742 495 2792 5,
525 2743 589 2794 1.)‚
624 2741 783 2783 Metelli
818 2741 872 2783 ad
900 2740 1154 2783 Contrebiam
1187 2741 1286 2795 fuga
1313 2741 1418 2794 (ibid.
1445 2741 1513 2793 2.),
1547 2742 1728 2795 quaestio
1763 2742 1814 2780 de
1842 2741 2077 2796 repetundis
2102 2742 2143 2781 in
2170 2741 2212 2782 c.
2244 2715 2437 2783 eamnem‘

281 2817 465 2859 instituta
492 2818 544 2871 (2.
569 2818 607 2869 8,
637 2819 699 2870 1.).

421 2895 465 2936 Si
492 2909 591 2949 ergo
619 2896 1029 2953 considerauerimus‚
1052 2895 1256 2937 Velleium
1283 2899 1325 2937 et
1351 2910 1423 2951 per
1447 2909 1493 2937 se
1515 2896 1790 2949 genealogiae,
1817 2909 1938 2949 qnam
1960 2896 2109 2949 dicunt,
2137 2896 2261 2937 fuisse
2290 2897 2437 2938 studio-

281 2984 391 3023 sum,
429 2976 472 3013 et
513 2974 634 3024 uiros,
670 2987 726 3013 ex
759 2974 839 3014 illis
856 3000 860 3004 κ
875 2988 976 3028 quas
1013 2974 1262 3014 describeret
1286 2973 1472 3026 gentibus
1500 2977 1622 3023 ortos,
1649 2987 1842 3027 personas
1870 2973 1911 3012 in
1937 2973 2005 3012 illo
2030 2973 2181 3013 maiore
2210 2970 2329 3027 opere
2359 2989 2437 3014 non

279 3051 427 3090 nullius
461 3051 654 3091 momenti
688 3054 852 3091 acturos
876 3052 1022 3102 fuisse,
1045 3045 1233 3104 magnam
1262 3052 1301 3090 ei
1327 3052 1401 3090 hac
1426 3051 1469 3089 in
1498 3065 1543 3090 re
1571 3051 1693 3090 fidem
1721 3052 1940 3090 concedere
1967 3064 2047 3090 non
2074 3051 2344 3091 dubitabimus
2360 3055 2435 3103 ¹⁰).

429 3152 484 3197 ι0)
509 3152 670 3187 Aetnae-
705 3163 748 3187 ne
780 3152 817 3188 in
848 3153 913 3187 lue
944 3137 1082 3198 quidem
1115 3155 1329 3187 stemmatum
1356 3151 1580 3198 descriptione
1604 3153 1755 3186 leuitatis
1776 3156 1890 3186 notam
1912 3163 1953 3185 ex
1978 3155 2068 3186 omni
2098 3157 2194 3197 parte
2218 3154 2349 3196 effugit.
2397 3156 2438 3190 P.

279 3212 371 3246 enim
391 3212 551 3247 Nasicam
573 3212 801 3247 'ri-enochi
837 3211 1073 3247 oenotriam
1103 3212 1209 3245 fuine
1242 3211 1365 3253 refert,
1390 3221 1456 3254 quo
1487 3211 1618 3245 inuidia
1651 3211 1896 3245 interfatione
1929 3202 2102 3255 augeatur.
2140 3214 2186 3257 (2.
2212 3215 2245 3256 3,
2278 3215 2321 3257 ι.)
2372 3214 2439 3247 Sed

241 3318 244 3322 Ι
281 3270 453 3305 Gracchus
483 3274 557 3304 erat
579 3270 671 3304 filiu
696 3271 895 3313 Corneliae,
920 3272 962 3305 P.
986 3270 1139 3304 Africani
1163 3269 1303 3303 maioris
1329 3269 1427 3301 filiae.
1474 3270 1509 3302 Is
1535 3277 1649 3303 autem
1673 3270 1765 3306 filius
1789 3274 1861 3303 ent
1887 3271 1927 3303 P.
1952 3270 2118 3314 Scipionis
2131 3297 2140 3312 ,
2176 3272 2234 3314 qui
2260 3273 2295 3305 in
2322 3273 2439 3305 Africa
