2709 3576
1272 118 1335 172 84

218 254 224 258 -
357 234 439 277 sed
466 237 604 276 amm
632 234 674 275 in
701 245 852 289 mgna
872 235 959 277 >hae
983 222 1225 277 samsonis
1251 233 1515 288 neglugsntis
1539 246 1620 275 mn
1647 237 1747 290 put„
1768 233 1971 277 voseium
1998 233 2389 277 ‹immam-m-

219 312 387 361 fudiase,
416 312 476 353 uti
503 311 687 353 Puteano
702 312 795 354 935.
825 312 1068 354 Ruhnkenio
1083 312 1174 354 249.
1205 311 1464 353 Kritm'e‘ffl.
1494 311 1641 366 pboet.
1695 311 1868 353 Balbum
1894 315 2034 353 autem
2056 313 2159 353 meu·
2180 311 2387 363 minuam,

219 389 360 431 {ratris
391 388 499 432 illius
525 389 643 431 Balbi
678 389 826 439 fllium,
866 403 943 445 pro
979 403 1058 446 quo
1084 390 1226 432 Cicero
1252 389 1474 431 orationem
1500 388 1658 439 habuit,
1693 389 1825 431 solum
1847 389 1924 431 hoo
1951 388 2040 431 loeo
2067 388 2243 444 spent-ri
2267 399 2387 444 posse

219 469 355 522 patet,
388 466 458 520 qui
485 466 683 519 singulari
713 467 883 508 audacia
911 467 1187 522 Dyrrhachiea
1217 466 1383 522 Pompei
1407 471 1544 508 eastra
1568 466 1792 508 intrauedt'
1809 467 1861 520 (2.
1892 468 1958 517 51,
1984 467 2053 519 8.).
2103 466 2256 509 Ihlbus
2279 466 2387 509 enim

220 545 349 585 maior
381 558 456 599 per
491 547 620 584 totum
661 543 780 584 ciuile
807 545 958 586 bellum
986 557 1053 585 res
1081 544 1268 587 Caesaris
1297 544 1453 585 Romae
1481 543 1776 585 administrauit
1790 545 1889 597 (eft.
1918 543 2036 586 Balbi
2061 557 2124 600 ep.
2151 545 2194 586 in
2219 542 2304 588 Cic.
2334 545 2388 587 ad

219 622 305 663 Att.
328 624 365 663 9.
396 624 433 671 7,
462 623 499 663 2.
528 637 565 677 p.
594 622 675 663 222
706 621 804 672 On).
862 622 1085 669 Quaeritur
1109 634 1230 674 ergo,
1267 635 1364 663 num
1391 622 1524 662 onmia
1554 634 1624 670 ea,
1659 633 1763 675 quae
1790 621 1844 661 de
1867 621 1996 663 Balbo
2025 622 2208 664 Velleius
2237 625 2388 674 nan-et,

219 701 260 740 in
288 700 460 740 Balbum
495 700 690 740 minorem
723 700 934 752 quadrent.
991 700 1196 754 Hispanus
1227 700 1375 740 dicitur
1408 700 1532 739 fuisse
1570 713 1649 739 non
1683 713 1739 739 ex
1779 699 1866 739 ciue
1901 702 2022 741 natus
2058 700 2130 752 (ita
2158 701 2265 741 enim
2296 713 2388 740 cum

219 778 545 830 Morgensternio
574 778 660 817 sine
690 777 811 817 dubio
837 778 1055 830 leg-endum
1085 778 1175 828 est).
1222 777 1357 831 Atque
1385 790 1410 817 a
1426 776 1554 817 Plinio
1584 776 1650 830 (Η.
1669 776 1717 816 N.
1734 778 1772 826 5,
1791 778 1846 828 5.)
1872 778 2074 828 docemur,
2103 790 2198 817 eum
2214 789 2387 833 cumpa-

219 859 310 895 truo
347 856 553 898 ciuitatem
588 855 818 894 obtinuisse.
880 855 999 902 Quod
1034 868 1144 903 sane,
1174 855 1207 894 si
1237 859 1355 910 pater
1385 855 1465 895 iam
1491 855 1695 894 ciuitatem
1725 853 1948 905 habuisset,
1976 856 2121 895 fuisset
2147 867 2386 910 superuaca-

219 944 350 972 neum.
410 933 565 971 Deinde
600 936 711 972 certe
747 932 810 971 hic
846 933 898 971 de
925 932 1239 974 Garamantibus
1276 933 1539 987 triumphauit
1567 932 1716 985 (Sti-ab.
1738 933 1776 981 3,
1811 933 1887 973 169
1916 947 1953 987 p.
1984 935 2074 975 451.
2107 934 2234 982 Sieb.;
2264 933 2385 975 Solin.

219 1010 283 1058 29,
310 1012 346 1049 7.
379 1010 478 1049 Plin.
499 1012 561 1060 c.).
635 1010 869 1050 Pontificem
898 1011 1048 1050 factum
1079 1021 1170 1048 esse
1199 1023 1330 1063 neque
1356 1011 1548 1051 maiorem
1574 1022 1704 1063 neque
1732 1010 1926 1050 minorem
1951 1013 2127 1058 constat3
2157 1011 2292 1064 itaque
2315 1024 2388 1052 cur

220 1087 424 1126 Velleium
462 1099 623 1126 errasse
662 1092 870 1141 putemus,
908 1087 963 1126 nil
1001 1100 1168 1126 caussae
1203 1091 1267 1127 est
1293 1087 1566 1139 (Drumannus
1591 1088 1629 1136 2,
1655 1087 1737 1127 609
1755 1088 1843 1138 ³⁸.).
1906 1087 1989 1128 Sed
2013 1088 2120 1140 quod
2147 1100 2203 1127 ex
2229 1088 2386 1143 priuato

218 1163 440 1203 consularis
475 1164 606 1203 factus
645 1175 736 1202 esse
766 1164 913 1203 dicitur
940 1167 1048 1216 (nam
1077 1164 1134 1202 sic
1162 1163 1203 1203 in
1230 1165 1366 1203 codice
1393 1164 1578 1216 legitur),
1615 1165 1878 1204 uehementer
1903 1165 2012 1204 uiros
2039 1164 2178 1205 doctos
2205 1165 2384 1205 uexauit.

134 1263 141 1272 ·
218 1241 276 1280 At
310 1253 503 1293 magnum
527 1253 621 1280 eum
649 1242 837 1280 honorem
866 1241 1056 1294 gessisse,
1083 1254 1138 1280 ex
1166 1253 1216 1281 eo
1244 1244 1492 1295 consequens
1521 1248 1594 1291 est,
1624 1241 1731 1294 quod
1758 1253 1782 1282 a
1809 1240 1969 1294 Tiberio
1993 1242 2035 1282 in
2062 1246 2209 1283 senatu
2234 1242 2386 1297 primus

219 1318 462 1358 sententiam
490 1321 659 1370 rogatur
685 1317 776 1370 (Dio
795 1318 978 1369 54,,25.).
1034 1317 1119 1357 Nec
1147 1322 1283 1358 tamen
1305 1330 1472 1358 neeesse
1499 1323 1564 1359 est
1589 1331 1679 1359 cum
1707 1318 1882 1373 Sauppio
1908 1319 1994 1360 163.
2024 1318 2225 1371 argutiam
2251 1318 2386 1360 nescio

218 1408 339 1448 quam
370 1395 631 1449 suspicemur.
689 1395 868 1448 Cogitari
905 1395 1011 1435 enim
1050 1395 1168 1435 facile
1201 1399 1355 1450 potest,
1397 1409 1490 1436 eum
1528 1396 1580 1437 ad
1608 1395 1915 1438 Garamantium
1940 1396 2092 1437 bellum
2122 1409 2195 1451 pro
2222 1396 2385 1437 consule

218 1472 385 1512 missum
412 1467 516 1512 ess'e.
580 1473 645 1513 Ita
673 1473 867 1514 Catonem
897 1486 969 1527 pro
998 1476 1185 1527 praet-ore
1212 1473 1253 1512 in
1282 1473 1463 1527 Cyprum
1494 1473 1659 1514 missum
1681 1486 1772 1514 esse
1796 1472 1970 1514 uidimus
1995 1473 2160 1526 (XIIII,
2187 1473 2289 1525 28.)‚
2317 1474 2384 1527 qui

218 1563 298 1590 non
336 1550 468 1590 minus
504 1563 558 1589 ex
596 1550 753 1604 priuato
784 1551 1009 1604 praetorius
1038 1551 1169 1590 factus
1197 1554 1281 1600 est,
1323 1564 1443 1604 quam
1470 1550 1505 1591 si
1535 1551 1688 1591 nullum
1715 1551 1837 1592 etiam
1864 1553 1960 1592 tunc
1984 1551 2266 1604 magistratum
2293 1564 2385 1605 ges-

219 1626 425 1678 sissetss).
486 1627 547 1667 De
584 1627 725 1668 itinere
753 1633 888 1668 autem
927 1627 1061 1677 Balbi,
1087 1631 1241 1668 temere
1284 1628 1335 1668 ad
1366 1627 1580 1668 Lentulum
1620 1629 1737 1677 facto,
1766 1628 1904 1681 nequit
1930 1628 2121 1678 dubitari,
2156 1640 2385 1682 quanquam

218 1717 348 1757 neque
378 1718 402 1745 a
430 1704 627 1754 Caesare,
656 1705 724 1757 qui
751 1718 801 1744 ne
830 1705 963 1745 labem
990 1718 1040 1746 ea
1069 1718 1113 1745 re
1143 1706 1401 1746 contraheret
1426 1705 1604 1755 timebat,
1629 1717 1759 1758 neque
1785 1718 1810 1747 a
1837 1705 1975 1756 Dione,
2004 1706 2072 1759 qui
2100 1705 2316 1747 Caesarem
2345 1706 2384 1747 in

218 1781 421 1836 plerisque
452 1782 646 1835 sequitur,
677 1786 1012 1822 commemoratur
1036 1782 1131 1834 (Cic.
1162 1783 1214 1822 ad
1247 1782 1329 1822 Att.
1358 1782 1394 1822 9.
1422 1781 1486 1831 32,
1513 1782 1577 1832 3.).

329 1858 426 1899 Post
436 1858 644 1899 uictoriam
655 1859 706 1899 ad
717 1858 1015 1912 Dyrrhachium
1027 1862 1284 1913 reportatam,
1301 1872 1420 1913 quam
1431 1858 1537 1899 uiam
1546 1858 1759 1913 Pompeius
1768 1861 2019 1912 sequeretur,
2030 1859 2149 1900 ualde
2159 1860 2385 1901 dubitatum

218 1942 281 1976 est
295 1937 375 1987 (51,
392 1937 451 1986 1.).
497 1935 610 1976 Alios
637 1935 761 1988 igitur
788 1936 968 1976 hortatos
982 1948 1071 1975 esse
1088 1939 1228 1976 narrat
1247 1934 1440 1984 Velleius,
1471 1935 1570 1975 utin
1585 1935 1745 1976 Italiam
1760 1936 1924 1985 rediret,
1954 1936 2065 1985 alios,
2080 1939 2127 1976 ut
2141 1936 2290 1976 bellum
2305 1939 2386 1978 tra-

219 2013 353 2053 heret:
383 2013 456 2052 sed
482 2013 595 2053 illum
610 2027 683 2053 suo
702 2012 854 2066 impetu
869 2027 986 2052 usum
1003 2012 1042 2052 in
1058 2012 1308 2054 Thessaliam
1326 2013 1543 2053 Caesarem
1559 2026 1650 2052 esse
1665 2016 1931 2066 persecutum.
1977 2012 2157 2060 Quorum
2171 2013 2271 2053 illud
2291 2012 2387 2054 Vel-

220 2090 323 2130 leius
349 2090 658 2131 saluberrimum
688 2090 866 2129 futurum
896 2090 1018 2130 fuisse
1048 2090 1288 2139 arbitratur,
1318 2090 1423 2143 quod
1451 2089 1490 2129 in
1517 2089 1604 2130 dies
1633 2089 1857 2130 examitum
1885 2093 2088 2131 creturum
2116 2104 2207 2144 esse
2231 2091 2386 2145 sperari

219 2167 405 2220 potuerit.
447 2167 556 2212 Quid
587 2168 750 2206 autem?
783 2166 997 2219 Pompeius
1024 2167 1215 2206 maiorem
1232 2167 1408 2207 Caesare
1437 2166 1661 2205 exercitum
1690 2167 1876 2215 habebat,
1906 2161 2036 2218 neque
2065 2170 2155 2207 erat
2182 2168 2219 2206 ei
2247 2170 2385 2220 optan-

219 2244 335 2291 dum,
375 2246 420 2282 ut
455 2243 593 2296 plures
631 2243 752 2282 etiam
786 2243 998 2296 optimates
1035 2243 1085 2282 ad
1125 2255 1170 2282 se
1200 2243 1391 2282 traheret.
1446 2242 1526 2282 Sed
1551 2242 1837 2282 debellandum
1865 2246 1955 2283 erat
1981 2256 2072 2282 cum
2093 2243 2269 2284 Caesare
2295 2257 2384 2297 par-

218 2320 358 2373 uique,
387 2321 513 2360 semel
540 2321 650 2360 initio
677 2320 818 2360 relicta
850 2321 970 2360 Italia
985 2352 994 2367 ,
1025 2321 1231 2368 intererat,
1261 2325 1396 2359 utrum
1425 2319 1464 2357 in
1493 2318 1666 2359 Graecia
1695 2332 1747 2358 an
1778 2319 1819 2358 in
1847 2319 1967 2359 Italia
1989 2309 2265 2360 debellaretur
2293 2319 2383 2372 (Pe-

218 2402 331 2439 terus
361 2400 407 2449 2,
433 2400 524 2441 354.
555 2400 625 2439 cfr.
657 2399 915 2439 Drumannus
943 2400 990 2448 3,
1024 2400 1113 2439 504.
1157 2397 1447 2439 Mommsenius
1475 2398 1521 2446 3,
1550 2398 1640 2439 403.
1672 2397 1774 2452 App.
1805 2396 1849 2437 Β.
1878 2396 1921 2439 C.
1951 2398 1976 2438 2
2022 2398 2084 2439 65.
2113 2397 2218 2438 Plut.
2244 2397 2381 2453 Pomp.

218 2477 283 2526 66,
311 2478 377 2527 4.).
432 2476 638 2531 Optimum
665 2476 790 2529 igitur
817 2477 1032 2517 uidebatur
1062 2477 1211 2517 bellum
1238 2476 1397 2515 ducere.
1460 2474 1578 2521 Quod
1606 2474 1751 2515 fecisse
1778 2474 2011 2530 Pompeium
2038 2478 2163 2529 negat
2189 2475 2382 2516 Velleius.

219 2554 301 2596 Sed
336 2558 379 2594 et
414 2567 582 2594 necesse
617 2559 726 2604 erat,
755 2554 975 2603 Caesarem
1001 2554 1041 2594 in
1067 2553 1318 2594 Thessaliam
1357 2552 1481 2605 sequi,
1517 2566 1567 2592 ne
1614 2553 1717 2593 sorte
1753 2566 1879 2593 nouas
1906 2553 2014 2593 uires
2043 2553 2292 2607 adquireret,
2329 2556 2383 2604 et,

218 2631 429 2671 Thessalia
457 2631 594 2685 petita,
620 2631 785 2672 dubium
814 2626 891 2671 non
920 2635 995 2680 est,
1024 2632 1136 2684 quin,
1166 2632 1355 2679 Caesare,
1383 2631 1450 2683 qui
1480 2631 1611 2685 inopia
1639 2632 1908 2685 premebatur,
1937 2630 2098 2684 saepius
2127 2630 2180 2670 ad
2206 2643 2384 2685 pugnam

219 2708 457 2758 lacessente,
491 2708 707 2763 Pompeius
743 2720 906 2763 semper
932 2721 1109 2763 pugnam
1137 2708 1443 2758 detrectauerit,
1481 2708 1608 2747 donec
1636 2709 1688 2747 ab
1715 2707 1971 2762 optimatibus
1998 2719 2142 2746 manus
2170 2719 2383 2748 conserere

218 2790 434 2838 cogeretur
463 2785 560 2837 (Cic.
594 2785 666 2840 Ep.
695 2787 730 2825 7.
760 2787 797 2834 3,
827 2787 862 2825 2.
894 2785 999 2825 Plut.
1031 2785 1167 2840 Pomp.
1196 2786 1261 2835 66,
1296 2786 1357 2833 1.).
1416 2785 1559 2838 Itaque
1588 2797 1724 2839 pugna
1746 2783 1980 2825 Pharsalica
2005 2784 2136 2825 uictus
2162 2787 2235 2825 est.
2286 2784 2385 2826 Post

217 2862 424 2903 uictoriam
462 2876 487 2903 a
514 2862 690 2903 Caesare
724 2877 802 2903 non
838 2862 1038 2903 saeuitum
1076 2868 1139 2904 est
1175 2863 1216 2902 in
1253 2862 1391 2903 uictos.
1446 2861 1565 2909 Quod
1602 2861 1670 2914 qui
1709 2873 1907 2913 generoso
1934 2860 2120 2903 Caesaris
2146 2862 2278 2903 animo
2308 2862 2382 2903 soli

216 2940 459 2988 attribuunt,
492 2953 630 2980 errare
665 2941 854 2980 uidentur
881 2940 1002 2992 (Vell.
1028 2941 1063 2979 2.
1095 2941 1160 2988 52,
1191 2942 1260 2988 5.).
1313 2938 1416 2979 Nam
1445 2938 1679 2988 Afranium,
1706 2939 1770 2979 cui
1799 2939 1925 2978 semel
1950 2938 2120 2991 ignouit,
2158 2942 2300 2993 postea
2326 2939 2385 2979 in-

215 3016 345 3056 terfici
381 3016 517 3065 iussit,
555 3017 732 3057 Faustus
762 3017 895 3065 Sulla,
934 3016 1001 3068 qui
1034 3016 1071 3056 ei
1104 3016 1321 3056 uidebatur
1354 3015 1631 3069 periculosior,
1660 3015 1926 3070 interemptus
1953 3017 2017 3055 est
2049 3014 2178 3064 (Suet.
2214 3015 2290 3055 Iul.
2318 3015 2379 3055 75.

216 3093 322 3134 Flor.
354 3093 389 3133 2.
427 3095 487 3143 13,
512 3094 605 3137 90).
671 3094 813 3147 Itaque
852 3107 930 3134 non
964 3094 1057 3146 quia
1093 3106 1190 3134 uere
1218 3092 1391 3145 ignouit,
1430 3092 1502 3132 sed
1541 3092 1634 3146 quia
1671 3092 1909 3147 contempsit
1944 3092 2169 3147 optimates,
2197 3105 2268 3132 eos
2294 3104 2383 3146 per-

352 3210 408 3252 ⁸⁸)
437 3210 578 3242 Prorsus
602 3209 739 3243 inutilia
763 3213 853 3251 sunt,
879 3218 965 3252 quae
990 3208 1031 3242 de
1056 3209 1156 3243 Balbi
1179 3208 1317 3241 maioris
1341 3208 1414 3242 uita
1437 3208 1630 3251 neglegenti
1654 3207 1735 3241 stilo
1759 3208 1912 3243 exat-anit
1931 3208 2104 3250 montius,
2128 3206 2209 3241 diss.
2235 3206 2278 3240 ad
2292 3206 2383 3241 Cice-

216 3266 309 3300 ronis
336 3266 525 3300 orationem
552 3278 614 3311 pro
643 3266 750 3301 Balbo
776 3267 830 3310 (L.
858 3267 900 3300 B.
931 3267 1031 3301 1828.
1056 3277 1088 3310 p.
1115 3265 1254 3309 9-13.),
1282 3266 1341 3309 qui
1365 3266 1489 3300 Balbos
1514 3265 1564 3299 ita
1587 3265 1783 3309 confundit,
1807 3270 1848 3301 ut
1870 3267 1992 3301 maiori
2016 3266 2174 3309 adsignet
2198 3265 2380 3308 theatrum,

213 3323 306 3368 quod
333 3325 413 3368 quia
436 3324 683 3367 aedificanerat,
711 3324 834 3357 minori
862 3336 882 3356 a
907 3325 1046 3357 Tiberio
1068 3325 1177 3358 honor
1201 3324 1252 3360 fit.
