2709 3576
1302 97 1369 152 36

265 216 532 270 mmsis
565 229 691 258 nouas
718 215 918 258 Antonius
956 215 1068 257 uires
1103 214 1349 269 adquisierat
1378 214 1430 267 (2.
1455 213 1521 264 63,
1549 213 1615 265 3.).
1672 211 1756 254 Sed
1787 211 1828 252 in
1854 211 2048 254 Plancum
2079 225 2171 253 rara
2199 218 2262 253 est
2293 212 2425 254 Vellei

265 293 474 335 acerbitas.
517 291 624 334 Nam
646 306 726 334 non
741 292 871 334 solum
888 292 1032 341 omnia,
1058 305 1140 345 qua
1154 291 1373 333 mala-ne
1390 290 1518 331 multa
1533 289 1574 331 in
1589 302 1637 330 eo
1656 289 1780 331 fuisse
1797 289 2064 339 inueniuntur,
2079 289 2263 342 exagitat
2281 290 2337 344 (2.
2358 290 2422 339 63,

265 370 304 413 3.
331 370 399 422 67,
424 370 462 413 3.
492 353 558 420 73,
583 369 622 412 3.
647 368 714 420 83,
746 370 781 412 1.
809 369 876 420 95,
901 369 957 422 3.)
974 402 986 421 ,
1013 368 1088 412 sed
1122 368 1246 411 etiam
1280 381 1385 423 quae
1420 381 1445 410 a
1483 366 1593 410 nullo
1630 366 1711 409 alia
1747 379 1883 408 rerum
1909 366 2102 421 scriptore
2140 366 2425 408 confirmantur

265 449 420 496 namn
449 445 568 488 sicuti
593 445 642 487 D.
666 445 782 489 Bruti
808 446 918 488 uitae
944 459 1040 488 eum
1064 446 1295 488 imidiatum
1322 458 1413 486 esse
1441 444 1632 486 adfirmat
1658 444 1715 494 (2.
1744 445 1809 494 64,
1833 446 1895 486 Li.
1955 442 2096 497 Neque
2125 448 2259 498 potest
2285 443 2424 496 negari

265 524 412 564 iudicia
444 524 515 563 illa
544 537 600 575 ex
628 524 843 564 inimicitiis
868 525 1108 577 quibusdam
1138 523 1320 577 profecta
1351 523 1481 563 uideri
1511 522 1732 575 (Sauppius
1764 523 1880 571 iffi).
1937 521 2041 561 Nam
2067 521 2240 561 Plancus
2270 521 2355 574 ipse
2382 521 2423 562 in

265 601 471 655 republica
497 602 678 654 gerenda
701 603 786 642 tam
808 601 959 641 nullius
983 601 1176 641 momenti
1200 605 1284 650 est,
1321 603 1379 650 ut,
1404 614 1475 640 cur
1506 605 1566 640 tot
1591 599 1689 640 locis
1716 599 1872 640 omnino
1901 602 2242 647 commemoretur,
2271 598 2342 638 uix
2369 598 2424 638 in-

267 679 496 732 tellegatur.

385 755 446 795 De
480 756 602 795 trium
636 755 815 796 uirorum
841 758 977 796 autem
1009 755 1290 795 communione-
1310 756 1369 796 ita
1396 758 1535 795 narrat
1562 754 1744 794 Velleius
1773 755 1825 804 (2.
1854 755 1919 802 65,
1955 756 2019 804 1.),
2048 760 2093 793 ut
2119 768 2197 793 non
2226 755 2276 793 ab
2307 753 2424 800 Octa-

266 832 349 883 uio,
388 832 462 872 sed
510 834 562 873 ab
588 832 762 873 Antonio
792 833 879 873 eius
907 833 968 873 rei
994 833 1160 873 consilia
1179 834 1360 887 profecta
1386 845 1476 872 ease
1503 832 1728 872 uideantur.
1784 831 1901 877 Quod
1928 845 1976 871 eo
2003 831 2222 871 mirabilius
2247 832 2343 877 erit,
2389 831 2423 870 si

267 910 469 952 Velleium
507 910 828 966 reputauerimus
876 911 974 951 nihil
1003 923 1170 955 narrare
1212 911 1264 950 de
1300 909 1466 950 Octauio
1497 909 1668 950 Romam
1706 910 1884 963 profecto
1920 909 2049 961 deque
2087 908 2295 948 consulatu
2329 915 2421 948 ante

266 988 404 1030 initam
442 988 674 1029 societatem
706 988 818 1031 illam
845 1001 1048 1031 armorum
1074 988 1115 1029 ui
1141 988 1319 1043 adrepto.
1372 987 1538 1029 Certum
1572 992 1707 1027 autem
1736 992 1799 1026 est
1819 986 1878 1039 (id
1905 987 2011 1039 quod
2037 999 2093 1025 ex
2118 999 2254 1025 rerum
2278 986 2421 1026 Octaui

267 1070 374 1108 statu
404 1066 632 1108 necessario
668 1065 887 1120 sequitur),
925 1065 1140 1108 Octauium
1171 1067 1222 1107 ab
1249 1066 1421 1107 Antonio
1452 1066 1685 1107 societatem
1720 1065 1999 1119 impetrauisse
2038 1065 2161 1119 (App.
2189 1065 2227 1113 3,
2253 1065 2316 1104 96.
2348 1064 2421 1103 Dio

265 1147 331 1195 46,
359 1145 452 1195 52).
525 1144 765 1186 Contractae
792 1126 994 1185 societatis
1020 1143 1151 1198 prima
1181 1143 1359 1184 condicio
1385 1147 1474 1184 erat
1499 1156 1560 1193 ea,
1590 1146 1636 1183 ut
1662 1141 1855 1183 Octauius
1882 1142 2112 1182 consulatus
2141 1154 2184 1181 se
2216 1141 2422 1182 abdicaret

265 1220 387 1276 (App.
416 1222 456 1270 4,
483 1221 508 1262 2
538 1234 575 1275 p.
606 1221 694 1264 533.
752 1220 958 1262 Hoeckius
993 1222 1025 1271 l,
1054 1221 1177 1274 235.),
1205 1220 1358 1261 scilicet
1385 1233 1435 1261 ne
1465 1219 1613 1261 ceteris
1651 1225 1760 1260 esset
1788 1218 1994 1274 potentior.
2066 1218 2215 1259 Contra
2241 1218 2421 1257 Velleius

265 1302 355 1351 post
387 1296 682 1338 triumuiratum
716 1296 974 1337 constitutum
1017 1297 1118 1338 falso
1153 1300 1294 1337 narrat
1320 1297 1460 1337 initum
1488 1309 1580 1350 esse
1608 1298 1658 1336 ab
1687 1295 1854 1335 Octauio
1882 1296 2219 1346 consulatumw).
2288 1295 2419 1334 Nihilo

263 1360 399 1413 tamen
428 1373 553 1413 setius
578 1372 790 1422 suffectum
817 1386 908 1413 esse
931 1372 1164 1416 Ventidium
1204 1386 1252 1413 eo
1282 1386 1385 1413 anno
1414 1373 1643 1413 arbitratur.

404 1449 717 1490 Triumuiratum
745 1452 880 1490 autem
914 1449 1223 1504 proscriptiones
1253 1455 1413 1491 secutae
1442 1453 1553 1501 sunt,
1584 1454 1628 1491 ut
1659 1449 1839 1490 Velleius
1869 1450 1963 1490 dicit
1991 1451 2074 1499 (66,
2111 1452 2170 1501 1.),
2201 1450 2349 1490 Antoni
2379 1457 2419 1489 et

262 1526 416 1581 Lepidi,
452 1527 603 1566 frustra
631 1526 844 1566 resistente
874 1526 1053 1567 Octauio.
1108 1527 1227 1574 Quod
1263 1527 1319 1567 ita
1352 1527 1511 1581 saepius
1548 1527 1828 1568 addubitatum
1864 1535 1947 1576 est,
1987 1534 2032 1566 ut
2065 1525 2277 1567 suetonius
2316 1527 2417 1578 gOct.

263 1604 344 1653 27.)
368 1603 587 1652 audiretur,
615 1603 683 1655 qui
710 1603 882 1656 primum
901 1603 1113 1643 Octauium
1147 1604 1342 1644 restitisse
1369 1609 1519 1653 narrat,
1549 1604 1695 1643 deinde
1725 1604 1933 1644 saeuitiam
1963 1604 2049 1643 eius
2074 1617 2121 1643 eo
2145 1603 2420 1643 uehementius

264 1680 445 1735 erupisse
477 1679 691 1735 (Sauppius
724 1681 838 1732 163.)
894 1680 1134 1735 Quanquam
1162 1686 1297 1721 autem
1326 1694 1404 1721 non
1431 1693 1548 1733 nego,
1579 1680 1790 1720 Octauium
1821 1694 1845 1720 a
1874 1680 2122 1720 crudelitatis
2151 1680 2313 1719 crimine
2342 1694 2419 1719 non

262 1770 426 1811 prorsus
453 1770 571 1811 posse
603 1758 764 1798 liberari
791 1758 1063 1810 (Drumannus
1090 1761 1127 1809 4,
1158 1760 1274 1811 294),
1304 1763 1439 1799 tamen
1466 1760 1734 1814 reputandum
1765 1768 1838 1809 est,
1868 1769 1909 1799 et
1936 1774 2054 1812 quem
2083 1760 2135 1799 ad
2163 1760 2322 1799 modum
2352 1759 2418 1798 ille

263 1847 287 1873 a
318 1834 470 1875 Senatu
498 1838 619 1886 atque
648 1836 699 1874 ab
729 1835 900 1875 Antonio
927 1835 1114 1875 incitatus
1144 1836 1216 1885 sit,
1242 1840 1303 1876 'ut
1329 1851 1419 1876 eum
1446 1836 1702 1877 recalcitrare
1730 1851 1893 1890 prorsus
1923 1842 2234 1876 consentaneum
2264 1837 2418 1875 uidere-

261 1913 348 1960 tur,
377 1914 420 1950 et
447 1911 645 1951 neminem
672 1912 862 1951 adfinium
888 1916 1052 1965 praeter
1079 1912 1342 1962 Thoranium,
1378 1914 1445 1965 qui
1472 1927 1497 1953 a
1522 1927 1601 1954 non
1626 1914 1746 1954 nullis
1775 1919 1882 1954 tutor
1910 1913 1996 1953 eius
2024 1913 2168 1953 dicitur
2199 1915 2323 1964 (Suet.
2354 1913 2417 1953 27.

261 1988 365 2042 App.
393 1991 431 2037 4,
462 1989 510 2029 12
537 2004 574 2043 p.
602 1989 731 2039 5460,
767 1990 817 2029 ab
848 2003 895 2029 eo
923 1989 1115 2030 trucidari
1156 1989 1309 2029 iussum
1345 2003 1452 2040 esse,
1488 2005 1578 2031 cum
1622 2004 1646 2031 a
1674 1989 1824 2045 Lepido
1868 1997 1909 2031 et
1939 1990 2109 2030 Antonio
2149 2004 2198 2030 ne
2226 1989 2418 2044 proximis

260 2065 420 2117 quidem
448 2050 636 2117 adgnatis
664 2069 909 2119 parceretur.

261 2206 322 2242 est,
347 2199 502 2234 laudauit
525 2199 764 2242 Octauianum,
797 2204 836 2235 ut
868 2200 1082 2245 optimatium
1116 2207 1229 2246 partes
1264 2202 1305 2236 ab
1339 2203 1400 2236 illo
1427 2203 1620 2237 aduersario
1645 2202 1877 2244 liberarentur,
1902 2204 1964 2236 hoc
1988 2202 2139 2236 adiutore
2164 2203 2415 2236 inualescerent.

260 2259 386 2294 Contra
410 2259 573 2293 Canutius
596 2259 771 2292 Octauiani
795 2263 908 2304 partes
931 2259 1141 2293 orationibus
1163 2265 1295 2294 tutatus
1320 2267 1382 2297 est.
1409 2264 1467 2295 cfr.
1498 2262 1564 2295 Dio
1588 2264 1645 2303 45,
1674 2265 1692 2293 7
1722 2274 1755 2306 p.
1785 2264 1864 2295 294.
1898 2265 1934 2293 1-2
1959 2274 1991 2305 p.
2022 2264 2100 2295 306.
2127 2264 2184 2301 48,
2214 2265 2254 2295 14
2280 2274 2312 2305 p.
2337 2264 2416 2295 596.

259 2318 422 2351 Peruerse
453 2318 560 2359 igitur
583 2318 640 2350 hic
663 2328 738 2350 cum
762 2318 824 2351 illo
849 2319 1076 2361 coniungitur.
1134 2320 1264 2353 Deinde
1289 2320 1456 2353 orationes
1478 2321 1698 2365 Philippicae
1719 2323 1817 2364 (quae
1848 2322 1939 2354 solae
1963 2323 2025 2353 hoc
2051 2322 2125 2353 loco
2148 2327 2289 2363 possunt
2312 2321 2415 2363 signi-

260 2376 363 2420 ficari)
390 2381 469 2410 tunc
492 2376 689 2409 iamdudum
715 2376 757 2409 ad
781 2376 879 2409 finem
905 2377 1084 2421 perductae
1112 2382 1220 2413 erant.
1272 2379 1399 2417 Quarta
1420 2379 1507 2411 enim
1533 2380 1662 2412 decima
1684 2380 1799 2412 habita
1823 2385 1874 2412 est
1901 2379 2017 2412 statim
2043 2384 2120 2422 post
2144 2379 2319 2412 uictoriam
2342 2380 2416 2412 MuÎ‡

258 2434 432 2468 tinensem.
482 2434 634 2478 Denique
657 2445 698 2467 ne
718 2433 753 2467 id
778 2434 912 2478 quidem
935 2447 1052 2469 uerum
1077 2440 1148 2477 est,
1186 2437 1367 2470 Canutium
1393 2438 1536 2481 primurn
1564 2439 1825 2482 proscriptorum
1849 2449 1921 2471 esse
1944 2438 2180 2481 interemptum
2207 2440 2250 2477 (2.
2278 2439 2334 2479 64,
2360 2439 2415 2473 4.).

258 2494 347 2526 Nam
372 2497 406 2527 et
433 2494 619 2539 Appianas,
645 2494 686 2528 Î’.
716 2494 753 2530 C.
779 2497 813 2536 4,
843 2497 893 2527 12.
919 2495 1078 2529 Paullum
1102 2496 1271 2540 quendam
1303 2498 1444 2541 primum
1472 2497 1574 2529 fuisse
1600 2503 1732 2539 narrat,
1770 2503 1802 2530 ct
1829 2497 1894 2530 Dio
1921 2499 1979 2538 48,
2009 2499 2049 2529 14
2075 2508 2107 2540 p.
2132 2498 2210 2530 596.
2236 2497 2414 2531 Canutium

261 2554 401 2587 Perusia
425 2557 525 2597 capta
548 2553 687 2596 perisse.

395 2613 452 2654 â´â¸)
477 2612 613 2655 Itaque,
647 2612 683 2644 ni
707 2611 828 2653 fallor,
865 2612 988 2645 circulo
1022 2612 1166 2645 uertitur
1189 2613 1369 2657 Zumptius
1396 2613 1449 2656 (ad
1474 2615 1567 2647 Mon.
1594 2617 1675 2647 Aac.
1701 2617 1792 2658 41.),
1832 2616 1890 2659 qui
1915 2627 1955 2649 ex
1981 2616 2033 2649 his
2057 2616 2140 2659 ipsis
2166 2616 2274 2649 Vellei
2305 2616 2416 2650 uerbis

256 2670 346 2703 inter
369 2671 507 2704 comitia
530 2670 718 2704 consularia
745 2673 779 2703 et
805 2670 932 2704 aditum
958 2671 1167 2705 consulatum
1195 2673 1357 2717 temporis
1385 2673 1530 2717 spatium
1561 2675 1786 2708 intercessisse
1811 2676 1961 2718 conligit.
1984 2695 2030 2700 -
2055 2675 2120 2709 Sed
2143 2677 2231 2720 quod
2248 2677 2414 2709 Velleium

260 2729 470 2773 uituperant,
499 2731 578 2774 quia
612 2730 699 2763 salso
734 2730 944 2763 consulatum
969 2731 1010 2764 ab
1033 2731 1174 2764 Octauio
1203 2732 1325 2765 initum
1359 2743 1427 2765 esse
1454 2731 1545 2765 dicat
1569 2744 1598 2766 a.
1623 2734 1655 2769 d.
1682 2735 1725 2768 X.
1753 2735 1833 2771 Kal.
1861 2737 1932 2769 Oet.
1954 2737 1975 2769 i.
2002 2747 2030 2771 e.
2055 2737 2163 2780 pridie
2189 2736 2311 2769 natalis
2336 2736 2414 2776 diei,

257 2797 367 2820 errare
392 2787 560 2821 uidentur.
609 2788 788 2829 Nor-isius,
813 2798 883 2821 cen.
909 2788 979 2822 Pis.
1004 2800 1039 2832 p.
1066 2790 1123 2825 93.
1152 2790 1195 2823 D.
1221 2790 1433 2823 Drmnannus
1465 2794 1493 2832 l,
1518 2792 1599 2825 336.
1649 2794 1736 2826 Nam
1769 2793 1804 2826 id
1842 2794 1912 2828 sinc
1940 2794 2041 2828 dubio
2067 2800 2154 2828 recte
2176 2796 2326 2828 referunt
2348 2796 2416 2828 Dio

257 2846 314 2887 56,
340 2846 387 2879 30
411 2856 442 2889 p.
467 2846 547 2879 476.
575 2845 767 2879 Macrobius
793 2846 862 2880 Sat.
895 2851 933 2889 1,
966 2850 1004 2880 12
1032 2859 1065 2892 p.
1093 2849 1173 2884 263.
1201 2849 1276 2892 Bip.
1305 2860 1334 2881 a.
1362 2848 1392 2881 d.
1416 2849 1535 2883 XIIII.
1561 2850 1640 2883 Kal.
1670 2852 1762 2896 Sept.
1796 2853 1931 2886 comitia
1964 2854 2151 2887 consularia
2184 2853 2299 2886 habita
2332 2864 2413 2888 esse.

258 2905 317 2946 (At
342 2904 431 2946 quod
447 2905 603 2937 Non-isius
628 2905 747 2938 Dionis
774 2906 897 2939 uerba:
921 2908 962 2939 á¼Î½
987 2899 1010 2953 á¾—
1035 2918 1125 2940 Ï€Î¿Ï„Îµ
1148 2905 1191 2940 Ï„á½¸
1217 2909 1364 2952 Ï€Ïá¿¶Ï„Î¿Î½
1390 2906 1590 2942 á½‘Ï€á½±Ï„ÎµÏ…ÏƒÎµÎ½
1617 2911 1657 2943 de
1682 2913 1796 2944 inito
1823 2914 1998 2946 consulatu
2024 2914 2115 2946 dicta
2139 2925 2209 2946 esse
2235 2915 2418 2955 intellegit,

255 2962 319 3005 ipsi
344 2962 599 3006 relinquendum
628 2964 702 3005 est.)
764 2964 888 2998 Contra
920 2970 1009 2999 recte
1040 2966 1279 3001 animaduertit
1304 2967 1481 3011 Zumptius
1506 2968 1528 3001 l.
1554 2979 1600 3010 e.â€š
1626 2970 1660 3002 in
1687 2982 1721 3003 re
1748 2975 1816 3004 tam
1842 2971 2007 3005 celebrata
2042 2976 2179 3016 propter
2207 2972 2414 3015 insequentia

255 3021 431 3065 praecipue
465 3021 620 3055 natalitia
644 3021 814 3056 Velleium
849 3034 996 3065 errasse,
1029 3025 1087 3058 uix
1121 3025 1282 3059 credibile
1314 3026 1438 3064 uideriÍ¾
1473 3031 1572 3069 atque
1604 3039 1644 3061 ex
1671 3029 1778 3061 Dione
1796 3032 1852 3070 46,
1880 3032 1936 3064 47.
1973 3030 2095 3072 conligi
2128 3043 2225 3074 posse
2254 3031 2413 3073 temporis

256 3078 391 3123 aliquod
408 3078 553 3123 spatium
569 3075 657 3114 inter
668 3080 804 3114 comitia
821 3085 856 3115 et
869 3082 1080 3117 consulatum
1095 3084 1297 3123 interfuisse.
1334 3085 1399 3119 Cur
1415 3088 1527 3117 autem
1545 3085 1663 3119 siuet-it
1677 3091 1807 3132 tempus
1821 3088 2025 3121 intercedere
2043 3085 2259 3131 Octauianus,
2276 3089 2414 3123 difficile

257 3138 348 3172 dictu
376 3142 437 3173 est.
487 3139 645 3172 Fortasse
679 3143 792 3173 tamen
820 3141 971 3185 potentia
999 3152 1179 3187 parumper
1201 3148 1377 3176 contentus
1405 3143 1638 3185 magistratum
1667 3146 1857 3189 auspicatus
1882 3158 1947 3179 non
1973 3153 2042 3188 est,
2077 3159 2116 3180 ne
2141 3153 2255 3192 aperte
2282 3159 2414 3182 accusa-

256 3198 376 3241 tiones,
401 3198 636 3231 liberatoribus
660 3199 805 3232 intentas
831 3210 871 3232 ex
895 3201 970 3256 lege
996 3200 1113 3242 Pedia,
1139 3202 1211 3245 ipse
1236 3203 1351 3235 consul
1377 3202 1611 3236 administrare
1639 3210 1812 3245 cogeretur
1836 3207 1915 3248 (Dio
1929 3208 1985 3245 46,
2013 3208 2057 3239 48
2084 3218 2119 3250 p.
2138 3208 2247 3241 448).
2296 3209 2414 3252 Itaque

257 3258 370 3291 omnia
392 3270 452 3303 per
474 3257 614 3291 Pedium
642 3257 795 3291 faciebat.
843 3259 978 3302 Postea,
1001 3265 1179 3307 antequam
1205 3261 1246 3294 ad
1269 3273 1381 3306 pacem
1412 3273 1485 3294 cum
1512 3263 1659 3295 Antonio
1687 3264 1872 3297 sticiendam
1903 3266 2071 3309 profectus
2098 3273 2168 3308 est,
2195 3274 2230 3300 ut
2255 3267 2414 3311 dignitati

256 3318 374 3351 ceteris
398 3322 593 3361 praestaret,
617 3318 826 3352 consulatum
856 3320 1047 3363 auspicatus
1071 3324 1132 3353 est.
