2709 3576
1282 51 1407 108 ,32

291 168 431 203 narrat
460 162 498 215 (ξ
526 163 567 212 4)
596 160 811 202 Curionem
837 161 1117 216 impediuisse,
1145 175 1224 215 quo
1253 161 1384 202 minus
1413 175 1495 217 pax
1525 164 1600 205 sub
1629 164 1688 204 eis
1717 164 2012 206 condicionibus
2041 163 2169 214 fieret,
2197 175 2297 217 quas
2323 162 2457 204 iustis-

291 239 390 280 simo
428 238 559 279 animo
595 241 837 292 proponeret
865 238 1035 288 Caesar,
1069 237 1282 291 Pompeius
1317 252 1445 291 aequo
1483 239 1615 281 animo
1648 241 1858 294 reciperet.
1920 239 2012 281 Hae
2045 240 2315 289 condiciones,
2353 252 2457 292 quae

291 314 452 365 fuerint,
482 313 580 356 satis
609 313 865 369 perspicuum
893 329 972 356 non
1000 321 1072 356 est.
1128 314 1232 357 Nam
1248 314 1380 365 Curio,
1408 330 1433 356 a
1454 322 1597 357 senatu
1615 316 1746 359 Roma
1768 318 1976 372 expulsus,
1999 317 2229 367 Caesarem,
2256 316 2457 358 utstatim

291 393 463 434 Romam
500 393 684 434 exercitu
717 396 893 447 peteret,
929 407 1180 434 commouere
1217 393 1447 447 temptauit;
1477 393 1551 434 sed
1584 394 1652 433 ille
1690 395 1821 435 denuo
1857 408 1999 449 pacem
2037 395 2292 436 reconciliare
2322 393 2458 435 conari

291 471 443 511 statuit.
477 471 595 525 (App.
625 471 662 520 ’2,
692 471 765 512 32:
810 477 1024 522 Κουρίωνι
1051 472 1122 524 μὲν
1152 470 1202 524 δὴ
1236 477 1453 523 συγκαλεῖν
1483 471 1617 514 ἐδόκει
1639 471 1712 515 τὸν
1743 471 1914 523 στρατὸν
1946 473 2110 515 ἅπαντα
2137 472 2219 526 ἤδη
2248 475 2315 515 καὶ
2343 470 2457 526 ἄγειν

290 550 356 592 ἐπὶ
380 548 573 602 Ῥώμης·
612 552 791 603 Καίσαρι
826 549 858 591 d’
897 551 954 591 ἔτι
983 554 1208 602 πειρᾶσθαι
1232 548 1488 599 διαλύσεων.)
1541 548 1676 590 Antea
1710 552 1846 590 autem
1873 549 2026 591 Caesar
2060 549 2170 604 pacis
2207 549 2457 590 condiciones

290 640 493 679 nunquam
531 626 690 675 obtulit,
728 639 830 679 quae
864 625 983 666 Curio
1022 629 1066 665 ut
1094 631 1382 680 respuerentur
1409 626 1571 665 efficere
1602 630 1748 680 posset.
1813 626 2031 680 Postquam
2060 640 2157 667 uero
2185 626 2369 668 Curionis
2396 639 2458 667 ro-

290 703 399 756 gatio
427 702 584 742 senatui
611 703 780 757 probata
807 711 882 752 est,
910 716 988 742 non
1005 703 1135 752 Curio,
1165 715 1241 755 quo
1269 702 1400 742 minus
1430 716 1532 756 quae
1550 703 1739 744 conclusa
1757 706 1895 744 essent
1905 703 2208 758 perficerentur,
2235 702 2456 760 impediuit,

292 781 364 820 sed
394 781 606 835 optimates
635 781 766 821 omnia
794 787 1090 834 peruerterunt,
1121 780 1171 820 ad
1201 779 1435 835 Pompeium
1463 795 1619 821 summa
1645 794 1781 822 rerum
1809 781 1945 822 delata
1973 782 2245 834 (Drumannus
2268 782 2306 830 3,
2335 781 2454 832 403.)

292 859 434 911 Itaque
464 858 518 897 nil
547 863 687 907 restat,
716 858 791 897 nisi
819 862 864 897 ut
886 858 1083 898 Velleium
1111 872 1200 898 eam
1217 857 1403 899 Caesaris
1432 859 1645 912 epistulam
1674 859 1900 911 significare
1928 859 2134 907 ducamus,
2162 872 2241 911 qua
2268 844 2312 898 se
2338 871 2456 898 exer-

290 936 413 976 citum
441 942 604 989 praeter
631 936 732 975 duas
761 935 941 987 legiones
957 936 1019 986 ³⁴)
1047 936 1303 975 dimissurum
1332 950 1422 976 esse
1451 934 1656 990 promisit,
1685 939 1993 988 contentumque
2023 949 2067 975 se
2097 937 2181 975 fore
2211 935 2345 977 Gallia
2372 935 2456 976 Cis-

292 1013 446 1067 alpina,
484 1013 516 1052 si
545 1012 729 1065 aequalia
756 1011 970 1066 Pompeius
1010 1014 1172 1052 faceret.
1229 1014 1345 1059 Quae
1383 1013 1585 1067 postulata
1614 1013 1817 1054 lenissima
1846 1018 1887 1053 et
1916 1016 2009 1053 sunt
2035 1017 2077 1053 et
2104 1026 2128 1052 a
2156 1013 2331 1053 Caesare
2369 1012 2455 1066 ipso

291 1090 351 1143 (B.
383 1090 424 1131 C.
463 1092 492 1130 1.
523 1092 559 1139 5,
590 1092 643 1140 5.)
682 1090 940 1143 adpellantur
969 1091 1055 1142 (cfr.
1087 1090 1188 1144 App.
1220 1091 1255 1139 2,
1286 1091 1379 1141 32).
1439 1091 1590 1143 Atquin
1627 1091 1736 1131 illam
1773 1091 1901 1144 ipsam
1923 1090 2136 1144 epistulam
2164 1089 2283 1131 Curio
2312 1090 2364 1130 ad
2394 1103 2456 1130 se-

291 1171 429 1208 natum
457 1167 567 1216 tulit,
609 1181 737 1220 neque
775 1167 843 1207 illc
880 1168 990 1222 pacis
1019 1167 1216 1208 ineundae
1246 1182 1359 1222 spem
1389 1168 1596 1217 discussit,
1635 1169 1704 1208 sed
1736 1168 1947 1223 optimates
1974 1168 2147 1223 primum
2175 1168 2456 1228 epistulamin

294 1246 447 1286 Senatu
485 1246 645 1285 recitari
690 1246 919 1292 noluerunt;
970 1245 1114 1284 deinde
1153 1259 1280 1297 neque
1317 1246 1375 1284 illi
1412 1260 1542 1299 neque
1578 1246 1791 1300 Pompeius
1820 1246 2006 1287 Caesaris
2044 1246 2294 1286 condiciones
2327 1258 2455 1298 aequo

293 1324 424 1363 animo
454 1329 713 1376 receperunt,
743 1324 813 1361 sed
845 1323 910 1361 ille
940 1337 986 1361 eo
1016 1323 1231 1376 processit,
1262 1329 1306 1362 ut
1333 1338 1406 1376 per
1435 1324 1656 1377 Scipionem
1686 1338 1729 1362 se
1757 1328 1852 1363 tunc
1882 1331 2066 1364 senatum
2094 1323 2325 1363 adiuturum
2351 1336 2454 1372 esse,

293 1415 421 1453 neque
463 1415 635 1453 unquam
666 1409 805 1454 postea
837 1400 1065 1439 declararet
1093 1401 1222 1452 (Caes.
1253 1401 1296 1438 B.
1330 1401 1372 1441 C.
1398 1401 1471 1448 in.;
1500 1402 1756 1441 Drumannus
1784 1403 1828 1451 3,
1857 1403 1975 1453 405.)
2033 1401 2086 1440 Hi
2124 1404 2259 1441 autem
2296 1414 2382 1440 rem
2407 1413 2454 1440 eo

291 1480 583 1533 perduxerunt,
613 1483 656 1516 ut
678 1478 908 1525 Caesarem,
938 1479 977 1516 ni
1006 1485 1112 1516 stata
1141 1478 1204 1516 die
1234 1479 1460 1517 exercitum
1489 1479 1721 1528 dimitteret,
1752 1480 1907 1519 hostem
1934 1478 2153 1518 iudicatum
2180 1478 2229 1517 iri
2257 1479 2455 1518 minaren-

292 1562 359 1596 tur
387 1556 507 1607 (Vell.
537 1557 572 1595 2.
602 1557 666 1603 49,
695 1557 730 1594 4.
761 1555 864 1608 App.
896 1556 932 1602 2,
962 1556 1024 1594 32.
1056 1557 1146 1605 33.)
1205 1556 1321 1601 Quae
1350 1569 1441 1595 cum
1470 1556 1525 1595 ita
1552 1556 1652 1604 sint,
1681 1557 1785 1608 quod
1815 1563 1973 1610 tempus
2002 1556 2184 1595 Velleius
2213 1556 2456 1610 spectauerit

292 1647 456 1687 prorsus
485 1647 562 1672 non
599 1632 855 1684 intellegitur.
921 1632 1063 1683 ltaque
1099 1638 1168 1672 aut
1206 1632 1489 1684 neglegentiae
1527 1638 1597 1672 aut
1630 1633 1879 1685 argutiarum
1916 1633 2048 1673 studio
2083 1632 2151 1673 illa
2180 1634 2304 1688 uerba
2332 1633 2454 1672 tribu-

292 1711 397 1750 enda
426 1718 529 1749 sunt.

429 1788 531 1827 ltem
549 1787 653 1839 quod
672 1786 815 1825 deinde
836 1788 971 1834 rel'ert,
989 1786 1220 1826 Ciceronem
1236 1799 1358 1825 unum
1378 1786 1619 1840 reipublicae
1638 1787 1872 1827 concordiae
1887 1787 2055 1837 cauisse,
2073 1787 2167 1840 quid
2179 1788 2252 1828 sibi
2263 1802 2310 1828 eo
2320 1788 2454 1828 uolue-

296 1867 348 1907 rit
372 1865 564 1913 Yelleius,
594 1864 809 1904 dubitatur.
854 1866 1093 1917 Quanquam
1109 1863 1350 1904 Plutarchus
1368 1864 1472 1903 idem
1491 1864 1651 1918 saepius
1672 1864 1858 1905 adfirmat
1887 1864 2037 1918 (Pomp.
2060 1866 2123 1911 59,
2140 1866 2175 1906 3.
2206 1865 2319 1906 Caes.
2337 1867 2401 1915 31,
2422 1868 2452 1906 1.

293 1944 372 1985 Cic.
392 1944 456 1991 37,
483 1944 545 1993 l.);
576 1948 710 1982 tamen
728 1942 984 1982 Drumannus
1013 1948 1054 1981 et
1083 1956 1173 1981 eum
1202 1947 1244 1980 et
1263 1940 1465 1980 Velleium
1496 1941 1693 1994 ambiguis
1710 1941 1911 1982 Ciceronis
1937 1942 2062 1996 ipsius
2091 1943 2224 1982 uerbis
2255 1933 2455 1997 deceptos,

294 2022 404 2075 pacis
443 2021 744 2060 conseruandae
777 2020 998 2071 studiosum
1038 2020 1147 2058 illum
1179 2020 1303 2058 fuisse
1327 2019 1553 2073 arbitratur
1581 2019 1783 2058 censuisse
1814 2020 1866 2070 (3,
1895 2021 2063 2069 40022.)
2119 2020 2179 2059 Ac
2208 2034 2347 2059 uerum
2375 2021 2458 2072 qui-

295 2100 386 2138 dem
418 2105 500 2146 est,
529 2097 714 2137 Caesaris
745 2111 822 2136 nou
852 2096 906 2136 ita
935 2097 1102 2136 multum
1133 2098 1283 2135 referre
1314 2096 1508 2149 potuisse,
1539 2102 1650 2135 utras
1678 2103 1815 2149 partes
1847 2097 1986 2136 Cicero
2014 2098 2341 2150 amplecter-etum
2385 2100 2454 2137 sed

293 2183 427 2215 tamen
468 2182 510 2213 et
548 2175 631 2227 ipse
670 2183 711 2212 et
742 2173 893 2212 Balbus
928 2174 1095 2212 blandas
1129 2175 1178 2212 ad
1216 2188 1308 2212 eum
1338 2174 1493 2212 litteras
1522 2174 1680 2212 mittere
1709 2187 1787 2212 non
1816 2174 2022 2213 desierunt
2050 2175 2144 2225 (Cic.
2175 2175 2226 2214 ad
2252 2175 2335 2214 Att.
2354 2176 2387 2214 7.
2418 2177 2456 2224 3,

298 2256 392 2302 11.);
432 2253 509 2291 imo
544 2266 621 2290 non
658 2258 740 2299 est,
781 2265 852 2289 cur
884 2251 1024 2290 Cicero
1062 2252 1219 2289 mentiri
1256 2258 1440 2305 putetur,
1481 2251 1547 2304 qui
1578 2251 1663 2305 ipsc
1694 2252 1898 2300 adfirmet,
1927 2251 2142 2291 Caesarem
2174 2264 2198 2291 a
2225 2265 2268 2290 se
2295 2252 2456 2305 petisse,

291 2337 336 2370 ut
363 2331 598 2384 Pompeium
633 2330 684 2368 ad
719 2342 860 2383 pacem
898 2330 1215 2369 conseruandam
1252 2328 1483 2368 hortaretur
1511 2329 1579 2381 <ad
1606 2329 1690 2368 Att.
1723 2329 1757 2369 S.
1787 2329 1824 2378 2,
1858 2331 1917 2379 1.).
1975 2327 2107 2367 Possit
2142 2328 2264 2381 igitur
2298 2329 2353 2369 ita
2391 2342 2456 2369 res

292 2410 461 2453 habere,
494 2412 538 2446 ut
568 2407 719 2447 Caesar
748 2406 950 2446 Ciceronis
978 2407 1140 2445 consilia
1170 2410 1288 2458 (quae
1317 2406 1412 2458 quin
1440 2406 1507 2444 ille
1538 2405 1725 2460 Pompeio
1756 2406 1853 2445 darc
1881 2419 1958 2446 non
1987 2406 2198 2455 destiterit,
2222 2407 2359 2459 nequit
2386 2408 2456 2446 du-

292 2486 425 2536 bitari)
455 2485 621 2524 duxerit
648 2484 869 2534 toleranda,
898 2488 1018 2537 atque
1049 2498 1139 2523 eum
1168 2484 1290 2524 etiam
1316 2484 1498 2523 hortatus
1528 2483 1595 2530 sit;
1625 2497 1702 2524 non
1730 2497 1807 2536 quo
1829 2496 1971 2538 pacem
1996 2496 2069 2537 per
2096 2496 2188 2522 eum
2216 2497 2455 2524 conseruare

292 2564 437 2611 uellet,
468 2563 539 2601 sed
570 2562 661 2614 quia
691 2563 756 2601 uel
785 2563 835 2601 ad
867 2563 992 2616 ipsius
1022 2569 1157 2615 partes
1186 2562 1385 2601 hominem
1414 2561 1574 2600 trahere
1606 2562 1670 2600 uel
1699 2565 1808 2600 certe
1838 2574 1861 2600 a
1890 2560 2053 2614 Pompei
2083 2561 2257 2599 retinere
2288 2566 2457 2615 tempta·

291 2643 370 2681 bat.
403 2642 488 2693 (cfr.
521 2640 692 2680 Peter-us
721 2641 757 2688 2,
786 2640 894 2689 280.)

1291 2764 1424 2805 xvn.

435 2866 594 2905 Bellum
612 2866 727 2904 ciuile
746 2866 977 2906 describens
994 2864 1172 2904 Velleius
1188 2879 1257 2905 eos
1274 2870 1436 2904 secutus
1454 2865 1615 2904 uidetur
1634 2877 1737 2913 esse,
1755 2864 1820 2916 qui
1838 2864 2025 2916 antiquae
2045 2864 2286 2918 reipublicae
2304 2865 2455 2914 formae

292 2943 459 2984 studiosi
497 2956 577 2982 res,
602 2941 806 2983 Romanas
835 2942 1152 2983 inlustrauerunt
1186 2941 1404 2996 (Sauppius
1437 2942 1552 2992 161.)
1615 2940 1813 2988 Quocirca
1842 2940 2005 2995 Pompei
2036 2954 2220 2981 caussam
2251 2940 2456 2981 meliorem

293 3020 400 3069 dicit,
429 3019 644 3059 firmiorem
675 3019 861 3060 Caesaris
890 3020 941 3071 (2.
972 3020 1037 3068 49,
1070 3021 1128 3070 l.).
1185 3019 1313 3060 Valde
1337 3024 1472 3058 autem
1499 3017 1643 3057 mirum
1673 3017 1843 3067 uidetur,
1874 3018 2095 3073 uituperari
2110 3017 2323 3067 Velleium,
2350 3017 2456 3070 quod

293 3104 502 3152 postquam
536 3098 684 3145 omnia,
722 3097 865 3149 quibus
902 3098 953 3138 ad
983 3098 1133 3137 bellum
1157 3098 1309 3139 Caesar
1339 3099 1659 3137 commoneretur
1689 3096 1944 3150 exposuisset
1973 3109 2155 3149 quaeque
2183 3096 2293 3150 pacis
2320 3108 2456 3134 recon-

433 3201 487 3242 ³⁴)
517 3199 666 3232 Velleius
703 3199 839 3242 quidem
866 3202 898 3233 2.
925 3201 982 3241 49,
1011 3201 1044 3234 4.
1086 3198 1126 3231 de
1162 3211 1228 3233 una
1259 3199 1392 3242 legione
1415 3199 1595 3232 memoriae
1618 3198 1781 3242 prodidit.
1841 3199 1908 3232 Sed
1933 3199 1968 3231 id
1992 3199 2127 3232 uidetur
2153 3209 2194 3231 ex
2218 3197 2455 3231 commixtione

291 3257 509 3302 repetendum
538 3267 609 3291 esse
636 3268 762 3299 eorum,
789 3268 873 3301 quae
898 3269 918 3292 a
941 3258 1082 3293 Caesare
1106 3258 1280 3302 proposita
1303 3262 1390 3299 sunt,
1417 3260 1516 3301 atque
1541 3269 1668 3299 eorum,
1694 3268 1778 3301 quae
1803 3258 1946 3292 Senatus
1966 3257 2165 3302 postulauit.
