2709 3576
299 187 394 217 cero
420 175 584 228 quidem
611 187 662 214 ea
688 173 790 214 satis
815 173 928 213 clare
956 171 1216 226 perspexisse
1244 170 1443 211 uidentur.
1500 169 1692 221 Accedit,
1736 171 1845 225 quod
1871 169 2181 226 pum-iptione·
2204 167 2359 221 3lsu'ee
2386 177 2470 207 ne-

301 250 615 304 ribusque.eius
647 249 862 303 ealiffl‘nem
893 248 1098 302 quandam
1132 247 1385 291 obtuderunt.
1410 246 1465 296 (2.
1502 246 1570 296 17,
1605 248 1645 287 5.
1673 246 1746 288 cfr.
1774 247 1865 297 111,
1893 248 1960 299 9.).
2017 245 2270 288 nooman
2294 241 2470 285 uni-

301 326 449 369 eximie
478 326 619 368 laudat
635 325 832 376 Velleius,
850 326 932 368 imo
955 324 1174 367 militarem
1200 326 1358 365 tantum
1383 322 1738 374 ertemeita'buit,
1764 324 2210 380 peeepesfflumenn
2233 318 2475 364 rubeum

301 405 355 458 (2.
377 405 522 455 11,1.),
552 407 595 446 et
623 403 775 457 quibus
796 403 913 445 malis
938 406 1081 458 postea
1103 416 1228 457 remp.
1256 401 1512 450 dilacerant,
1538 413 1591 442 ea
1615 401 1723 442 bello
1746 400 1948 444 (limbrieo
1969 401 2044 442 uix
2072 411 2325 455 repenset.
2367 397 2471 440 cm

301 482 426 535 igitur
451 481 659 534 ingenium
684 481 894 535 utriusque
922 480 999 521 uiri
1020 480 1079 521 ita
1102 478 1340 534 perspiciat,
1377 481 1423 519 ut
1449 478 1508 519 eis
1538 478 1693 528 modo,.
1727 490 1831 532 quae
1857 478 1996 519 mun
2019 477 2062 519 in
2087 476 2470 525 comos-innume,

301 559 343 599 in
369 558 625 599 diiudicando
649 561 799 608 utatur,
823 571 992 598 necesse
1018 561 1094 607 est,
1119 569 1171 597 ne
1199 568 1250 596 ea
1275 555 1452 609 quidem,
1480 568 1584 608 quae
1612 555 1718 596 alter
1745 554 1787 595 in
1810 554 1985 597 alter-mn
2005 554 2257 596 mebinstus
2282 553 2348 603 sit,
2377 564 2471 593 eun

302 638 413 676 recte
445 635 686 675 describere.
736 635 803 676 Ita
830 635 983 675 factum
1009 637 1075 675 est
1101 634 1143 674 in
1169 633 1366 674 seditione
1394 632 1625 687 Sulpiciana
1639 634 1714 684 ¹⁴).
1789 631 2010 687 Sulpicium
2035 631 2143 672 enim
2171 630 2325 684 Rufum
2351 629 2472 670 nobili

303 712 389 754 loco
412 715 552 754 natum
581 711 764 753 amicitiis
791 715 833 753 et
860 711 1003 766 opibus
1033 710 1341 753 celeberrimum
1354 741 1365 761 ‚
1392 725 1485 752 cum
1516 724 1542 752 a
1568 712 1713 751 senatu
1742 709 1998 759 inritaretur,
2025 709 2223 750 defecisse
2250 711 2392 750 narrat
2405 708 2469 761 ,(2-

307 790 368 840 18,
397 791 462 842 5.).
511 789 646 843 Leges
666 789 792 843 igitur
816 803 908 832 cum
939 790 1041 831 alias
1068 788 1310 845 perniciosas
1339 788 1494 835 tulisse,
1521 793 1608 829 tuln
1633 801 1736 837 eam,
1764 801 1845 841 que
1869 787 2009 829 Sullae
2035 787 2246 842 imperium
2274 786 2372 827 belli
2395 785 2471 826 Mi-

305 867 520 909 thradatici
555 867 806 923 eripiendum
843 870 966 921 atque
1002 867 1056 909 ad
1082 866 1256 909 Marium
1295 867 1623 909 transferendum
1660 879 1752 907 esse
1779 869 1975 907 censeret.
2028 865 2145 913 Quae
2172 865 2350 907 narratio
2379 866 2471 905 snb-

304 945 482 986 absurda
518 945 690 985 uidetur.
752 945 837 985 Aut
873 945 981 985 enim
1012 944 1142 986 Mario
1175 944 1429 985 machinante
1453 944 1673 999 Sulpicium
1707 943 1945 984 seditionem
1971 943 2118 983 fecisse
2146 943 2370 998 putandum
2395 944 2471 992 est,

305 1027 375 1063 aut
404 1022 530 1076 ipsius
558 1021 679 1063 animi
702 1026 813 1062 motu
840 1023 892 1063 ad
922 1022 1225 1063 instaurandam
1254 1036 1379 1077 remp.
1410 1023 1641 1063 accessisse.
1686 1022 1869 1070 Quorum
1890 1022 1926 1063 si
1952 1021 2052 1062 illud
2071 1021 2258 1075 elegeris,
2288 1020 2372 1074 leg-i
2400 1020 2472 1071 illi,

304 1114 384 1152 qua
426 1104 471 1139 ut
497 1100 628 1140 Mario
662 1100 875 1154 imperium
904 1101 1135 1140 deferretur
1167 1100 1314 1150 suasit,
1353 1101 1532 1142 maxima
1560 1100 1622 1141 uis
1649 1099 1902 1154 adsignanda
1929 1098 2026 1148 erit;
2071 1098 2134 1140 sin
2162 1098 2203 1139 in
2232 1097 2472 1140 contrariam

305 1178 546 1217 sententiam
576 1178 825 1226 discesseris,
853 1181 1084 1217 ceterarum
1112 1178 1247 1230 legum
1275 1178 1469 1219 maiorem
1497 1178 1621 1218 fuisse
1648 1176 1871 1218 efficaciam
1885 1175 2143 1218 statuendum
2159 1178 2225 1216 est
2237 1178 2280 1216 et
2294 1176 2388 1228 lege
2403 1174 2474 1216 illa

305 1254 357 1293 de
374 1254 479 1294 Mari
495 1254 662 1309 imperio
680 1255 764 1295 lata
781 1254 895 1294 illum
915 1259 1072 1294 tantum
1089 1254 1164 1295 sibi
1182 1254 1365 1295 deditum
1383 1254 1603 1310 Sulpicium
1617 1253 1792 1295 reddere
1807 1252 1993 1295 uoluisse.
2025 1252 2149 1307 Atqui
2163 1252 2344 1294 Velleius
2362 1251 2475 1293 nulla

306 1331 411 1371 Mari
440 1345 515 1385 ope
543 1332 596 1372 ad
624 1332 735 1372 illam
758 1331 1049 1386 ipsam-*legem
1077 1332 1286 1372 terendam
1314 1332 1531 1387 impulsum
1559 1344 1653 1372 eum
1683 1343 1774 1372 esse
1797 1332 1947 1372 narrat
1967 1353 2024 1361 —
2049 1330 2157 1372 Ante
2184 1330 2316 1372 omnia
2337 1333 2473 1372 autem

305 1409 346 1448 in
375 1422 422 1448 eo
449 1409 613 1458 errauit,
643 1409 749 1462 quod
779 1409 999 1463 Sulpicium
1025 1409 1176 1449 diuitiis
1204 1409 1531 1450 florentissimum
1560 1408 1676 1449 dixit.
1731 1407 1791 1450 Eo
1818 1407 1924 1449 euim
1954 1408 2105 1450 factum
2131 1411 2206 1457 est,
2233 1412 2291 1459 ut,
2320 1420 2400 1462 qua
2427 1420 2473 1449 re

306 1487 422 1526 homo
458 1495 552 1526 ante
589 1487 806 1528 nobilitatis
841 1488 1014 1542 partium
1038 1488 1356 1528 studiosissimus
1384 1488 1437 1529 ad
1470 1487 1598 1543 plebis
1625 1500 1810 1529 caussam
1825 1486 2024 1529 tuendam
2052 1487 2362 1542 perduceretur,
2394 1499 2474 1528 non

305 1564 574 1617 intellegeret.
630 1565 814 1619 Namque
842 1565 998 1606 Marius
1036 1566 1216 1606 subsidia
1252 1566 1289 1606 ei
1324 1566 1520 1613 ostendit,
1558 1565 1703 1619 quibus
1738 1564 2003 1606 creditoribus
2029 1564 2128 1606 satis
2156 1565 2290 1605 facere
2318 1568 2475 1619 posset:

306 1642 428 1694 (Plut.
459 1642 556 1682 Sull.
587 1643 623 1692 8,
659 1644 689 1683 1.
720 1642 980 1683 Drumannus
1008 1643 1046 1693 2,
1074 1644 1233 1695 436⁰)
1264 1642 1400 1696 itaque
1436 1655 1528 1684 eum
1564 1642 1615 1684 ad
1652 1641 1777 1697 ipsius
1814 1644 1952 1697 partes
1983 1642 2112 1684 traxit
2149 1641 2249 1694 (Liu.
2274 1644 2337 1683 77.
2368 1642 2472 1697 App.

306 1719 350 1758 B.
381 1720 423 1759 C.
456 1721 494 1766 l,
525 1721 588 1759 55.
625 1719 730 1759 Plut.
762 1720 786 1759 l.
816 1732 848 1759 c.
890 1719 994 1760 Flor.
1024 1720 1060 1761 2.
1091 1720 1135 1769 9,
1168 1722 1204 1761 6.
1240 1720 1358 1774 [Aur.
1382 1719 1451 1773 V.]
1490 1720 1542 1760 de
1576 1719 1649 1761 uir.
1678 1719 1733 1761 ilL
1759 1720 1851 1772 67.).
1925 1719 2080 1761 Eadem
2118 1734 2184 1761 res
2212 1720 2387 1760 efficitur
2419 1734 2475 1760 ex

306 1796 510 1837 Ciceronis
544 1796 710 1836 iudiciis.
767 1796 849 1843 Qui
885 1810 977 1836 cum
1005 1796 1182 1837 Drusum
1222 1797 1384 1852 saepius
1412 1797 1550 1838 laudet
1578 1801 1630 1850 (u.
1655 1811 1689 1837 e.
1721 1811 1754 1838 c.
1783 1797 1836 1838 de
1861 1797 1948 1838 ΝΒ.
1978 1799 2003 1839 3
2035 1799 2057 1852 §
2081 1798 2143 1839 80.
2173 1799 2194 1852 ς
2221 1798 2313 1849 81.),
2345 1797 2475 1853 Sulpi-

305 1873 430 1922 cium,
461 1877 600 1928 utpote
630 1873 698 1927 qui
725 1874 777 1915 ab
811 1874 1136 1915 aduersariorum
1165 1877 1279 1930 parte
1310 1875 1487 1925 steterit,
1514 1889 1593 1916 non
1620 1875 1752 1916 minus
1779 1876 2017 1929 frequentur
2047 1876 2250 1931 uituperat
2279 1877 2345 1929 (de
2375 1879 2474 1917 orat.

306 1953 330 1994 3
361 1953 383 2006 g
414 1953 501 2003 11.).
561 1952 642 1994 Sed
681 1952 777 2005 quid
814 1956 898 2001 est,
935 1952 1042 2004 quod
1074 1941 1232 1993 oet‘eras
1258 1953 1372 2004 leges
1402 1953 1542 1993 tulerit
1568 1953 1794 2007 Sulpicius?
1847 1954 2089 2007 Quanquam
2119 1954 2225 1993 enim
2250 1954 2351 1994 certi
2379 1954 2475 2006 quid

306 2029 506 2070 hominem
545 2029 785 2070 dissolutum
823 2031 865 2069 et
903 2041 1138 2083 oppressum
1180 2041 1275 2069 aere
1311 2028 1442 2070 alieno
1458 2030 1520 2081 ¹⁵)
1554 2033 1739 2070 secutum
1768 2044 1859 2070 esse
1891 2044 1969 2071 non
2000 2034 2118 2085 puto,
2154 2033 2291 2071 tamen
2322 2044 2477 2084 nequeo

306 2107 500 2147 adsentiri
517 2107 752 2147 Drumanno
782 2107 822 2158 (l.
840 2108 903 2158 c.),
931 2106 998 2159 qui
1027 2107 1067 2146 in
1097 2107 1278 2147 omnibus
1309 2106 1467 2159 leg-ibus
1494 2106 1535 2146 id
1565 2120 1657 2147 eum
1683 2107 1915 2148 elaborasse
1938 2108 2045 2157 dicit,
2072 2111 2119 2148 ut
2146 2120 2241 2148 aere
2275 2107 2405 2148 alieno
2432 2107 2477 2147 li-

306 2185 528 2224 beraretur.
584 2184 692 2231 Quid
721 2184 855 2225 enim?
905 2184 984 2224 Illa
1013 2184 1127 2237 lege,
1165 2197 1244 2237 qua
1270 2183 1429 2232 sanxit,
1468 2183 1610 2236 nequis
1645 2188 1809 2225 senator
1834 2185 1925 2239 plus
1950 2185 2030 2225 duo
2056 2184 2167 2224 milia
2194 2185 2476 2225 drachmarum

306 2261 413 2302 aeris
452 2261 572 2302 alieni
606 2262 775 2303 haberet
813 2260 933 2315 (Plut.
968 2262 992 2302 l.
1024 2263 1095 2313 c.),
1133 2275 1177 2301 se
1214 2261 1302 2316 ipse
1338 2261 1633 2302 condemnauit.
1688 2260 1829 2315 Neque
1856 2262 1976 2303 aliter
2001 2261 2182 2315 effugere
2213 2262 2362 2317 potuit,
2400 2262 2477 2303 nisi

307 2338 495 2379 adiuncto
522 2338 674 2388 Mario,
719 2339 788 2392 qui
823 2339 977 2394 praeda
1006 2339 1291 2389 Mithradatici,
1319 2339 1415 2380 belli
1444 2339 1569 2393 ipsius
1599 2339 1817 2380 calamitati
1848 2343 2114 2380 succurreret.
2170 2339 2315 2381 Omnia
2341 2343 2477 2382 autem

306 2416 428 2466 bene,
458 2415 500 2456 ui
524 2415 663 2465 fallor,
692 2416 923 2465 concinent,
952 2417 985 2456 si
1017 2416 1237 2470 Sulpicium
1262 2417 1494 2471 putabimus
1521 2430 1592 2457 eas
1619 2430 1813 2471 personas
1837 2430 1963 2470 agere
1988 2418 2185 2468 uoluisse,
2213 2430 2315 2472 quas
2341 2418 2477 2473 paullo

306 2496 399 2549 post
425 2492 554 2535 Cinna
581 2493 811 2534 sustineret.
842 2495 929 2546 (cfr.
961 2493 1245 2546 Goettlingius,
1273 2494 1325 2534 Η.
1352 2494 1410 2534 St.
1438 2494 1481 2535 G.
1511 2494 1560 2534 R.
1588 2494 1745 2548 [1840]
1774 2495 1882 2546 458.)
1898 2496 1972 2547 ¹⁶).
2031 2495 2151 2542 Quod
2177 2498 2223 2535 ut
2251 2494 2478 2550 perficeret,

306 2570 475 2620 Marius,
504 2570 724 2625 cupiditate
752 2570 1013 2611 Mithradatis
1042 2571 1259 2625 superandi
1286 2571 1487 2621 incensus,
1515 2571 1633 2612 facile
1660 2572 1698 2612 ei
1723 2572 2005 2627 opitulabatur.
2055 2572 2196 2627 Ipsum
2225 2575 2362 2613 autem
2389 2571 2476 2614 Ma-

307 2647 411 2688 rium
436 2648 532 2688 nihil
558 2652 645 2688 tum
673 2652 837 2703 praeter
860 2648 968 2688 illius
998 2648 1095 2688 belli
1122 2648 1509 2689 administrationem
1534 2649 1759 2704 adpetisse,
1800 2662 1876 2706 per
1898 2662 1943 2691 se
1973 2650 2128 2691 clarum
2156 2652 2230 2690 est.
2285 2648 2394 2691 Illud
2418 2652 2478 2692 ta·

308 2739 401 2766 men
439 2726 579 2778 quaeri
614 2726 761 2780 possit,
807 2728 943 2766 utrum
973 2725 1128 2766 Marius
1159 2726 1380 2780 Sulpicium
1407 2726 1460 2765 ad
1489 2739 1615 2767 nouas
1640 2739 1707 2767 res
1736 2727 1960 2768 moliendas
1991 2726 2270 2778 commouet-it,
2304 2727 2345 2767 id
2372 2727 2479 2781 quod

307 2805 469 2843 ueteres
496 2816 633 2843 rerum
661 2803 877 2857 scriptores
907 2802 1143 2853 adfirmant,
1175 2816 1247 2853 an,
1273 2803 1316 2844 id
1346 2802 1452 2856 quod
1480 2803 1611 2857 magis
1637 2816 1692 2844 ex
1720 2816 1857 2844 rerum
1881 2805 2027 2845 natura
2055 2802 2222 2845 'uidetur
2248 2816 2360 2855 esse,
2390 2803 2479 2846 Sul-

460 2927 513 2969 Η)
546 2926 759 2969 Quamquam
786 2926 1030 2960 Mommsenius
1058 2926 1107 2969 (2,
1135 2927 1228 2968 2⁴8.)
1258 2925 1371 2960 Herio
1395 2925 1506 2959 nunu
1534 2926 1570 2959 in
1595 2926 1660 2959 hee
1683 2925 1850 2960 seditione
1870 2928 1984 2972 partes
2010 2925 2116 2960 fuisse
2139 2925 2260 2962 scribit

457 2996 509 3039 Ιὅ)
536 3001 586 3032 At
605 2996 697 3041 quod
713 2996 866 3031 Velleius
895 2998 928 3039 (ς
944 2998 980 3040 8)
1010 2997 1165 3042 Sulpicio
1191 2998 1316 3042 probro
1332 2996 1403 3039 dat,
1428 2997 1517 3040 quod
1531 2997 1593 3032 Cn.
1606 2998 1752 3044 Pompei
1774 2997 1883 3031 fllium
1907 2996 2125 3041 interfecerit,
2146 2996 2182 3031 id
2208 2997 2238 3032 si
2263 3008 2331 3032 non
2355 2996 2477 3042 inuito,
2543 2970 2545 2973 Ι

307 3058 397 3091 certe
425 3066 492 3091 nou
516 3055 701 3101 ixutignnte
727 3054 880 3101 Sulpicio
905 3055 1032 3092 factum
1058 3062 1122 3092 est.
1148 3057 1250 3102 (App.
1275 3058 1315 3091 B.
1343 3056 1380 3093 Ο,
1409 3059 1440 3099 1,
1467 3058 1512 3092 56
1535 3069 1570 3102 p.
1596 3058 1668 3101 79.)
1718 3056 1813 3101 Quid
1838 3060 1953 3091 eutem
1976 3057 2049 3092 eius
2073 3057 2242 3100 interfuit,
2269 3058 2379 3091 fllium
2402 3067 2479 3101 per·

304 3116 410 3150 imere
436 3116 619 3161 superstite
642 3116 767 3161 petre?

451 3188 505 3233 Ι0)
534 3190 607 3223 Nec
633 3189 719 3223 hanc
748 3187 950 3224 „nuntiam
982 3188 1130 3224 abnuere
1160 3188 1297 3223 uidetur
1322 3187 1414 3223 ven.
1428 3189 1462 3223 2.
1490 3189 1545 3230 18,
1569 3188 1624 3224 6.:
1657 3186 1762 3232 (leges
1793 3186 1887 3232 tulit)
1923 3189 2134 3231 exitiabiles,
2173 3198 2233 3223 nee
2266 3189 2479 3221 toleran-

304 3251 387 3284 dae
415 3251 587 3298 liberae
612 3251 912 3291 reipublicae.
