2709 3576
1289 108 1353 159 33

245 220 443 265 ciliandae
469 232 616 266 caussa
643 223 882 275 temptaret,
922 233 1002 260 non
1031 220 1301 261 declarauerit
1314 220 1444 260 etiam
1470 222 1592 274 atque
1621 222 1756 272 etiam,
1782 222 1990 263 Rubicone
2019 222 2189 263 transito
2216 222 2404 276 perduel-

243 298 360 339 lioms
398 297 550 339 crimen
584 297 627 337 in
652 309 698 337 se
730 297 941 347 admisisse
971 297 1189 352 (Sauppius
1218 297 1335 348 162).
1390 296 1551 338 Etenim
1580 297 1781 339 Velleium
1807 299 1983 339 uidimus
2007 298 2258 351 distinguere
2294 299 2403 340 inter

243 375 497 431 Pompeium,
539 375 608 429 qui
642 375 718 416 sibi
743 376 954 430 imperim
982 375 1227 426 adfectaret,
1270 378 1391 428 atque
1423 376 1636 430 optimates
1665 377 1761 431 reip.
1789 382 2109 432 propugnatores
2139 376 2275 429 (XVI,
2305 378 2400 429 31.).

245 454 369 494 Illum
395 452 548 495 Caesar
575 453 795 506 adgressus
821 457 905 503 est,
935 454 1028 503 hos,
1056 453 1126 506 qui
1151 453 1348 503 ultimum,
1378 454 1484 506 quod
1508 453 1731 504 offerretur,
1755 442 1956 507 refugium
1985 454 2253 508 expetierant,
2283 454 2403 494 simul

245 529 416 581 adflixit.
470 529 591 570 Certe
632 532 768 570 autem
794 530 1031 571 admirabile
1057 533 1142 579 est,
1168 530 1383 584 pectinari,
1426 534 1472 570 ut
1500 531 1543 570 in
1571 531 1746 572 Caesare
1776 531 2096 585 reprehendatur
2128 531 2166 571 S.
2196 531 2240 570 P.
2270 531 2321 577 Q.
2348 531 2398 570 B..

246 606 357 648 laesa
386 606 597 658 maiestas,
634 611 846 662 postquam
869 607 947 647 ista
974 607 1165 648 maiestas
1194 610 1237 647 et
1263 620 1288 647 a
1314 607 1584 662 popularibus,
1610 608 1738 649 Cinna
1765 608 1947 649 Carbone
1976 609 2106 649 Mario
2135 609 2305 649 Romam
2334 609 2402 649 ad-

244 684 415 736 gressis,
462 688 504 724 et
534 686 585 725 ab
613 684 891 739 optimatibus,
934 684 1048 724 Sulla
1077 684 1301 725 Carbonem
1334 686 1598 735 exturbante,
1636 685 1806 738 denique
1844 688 1895 727 ab
1922 687 2008 741 ipso
2035 686 2224 741 Pompeio
2250 687 2398 726 misere

246 773 410 816 pessum
446 761 541 803 data
567 761 700 803 iacuit.
756 760 910 802 Verum
937 761 1142 803 enimuero
1172 774 1262 802 cum
1289 775 1314 803 a
1342 761 1496 803 Velleio
1525 762 1751 813 omittatur,
1792 763 2008 804 Caesarem
2037 764 2196 819 saepius
2224 764 2265 804 in
2291 766 2402 805 uete-

245 852 332 880 rem
378 853 469 880 cum
506 840 750 881 aduersariis
788 845 929 895 pacem
960 839 1094 880 redire
1131 842 1350 894 temptasse
1387 840 1527 892 (ueluti
1554 839 1668 881 Caes.
1698 840 1743 880 Β.
1773 840 1816 881 C.
1849 843 1880 881 1.
1916 844 1982 891 14,
2019 843 2067 893 1.)
2081 873 2091 891 ,
2133 842 2239 881 1111116
2271 841 2401 894 gloria

245 918 500 959 imminuitur.
558 919 692 972 Atque
725 918 862 958 multis
904 918 1026 958 etiam
1062 917 1150 957 aliis
1184 919 1306 958 rebus
1348 919 1560 972 probatur,
1603 917 1803 958 Velleium
1839 920 1915 959 hac
1951 919 1991 958 in
2020 923 2135 973 parte
2162 919 2399 959 narrationis

246 996 432 1037 Caesaris
462 995 765 1036 commentarios
795 998 978 1035 secutum
1008 1008 1087 1034 non
1115 1007 1216 1034 esse.
1277 995 1362 1043 Ita,
1390 998 1435 1034 ut
1462 995 1642 1035 omittam
1670 996 1836 1050 Pompei
1865 998 2003 1048 sugam
2033 996 2154 1035 ualde
2182 996 2400 1047 neglegen-

244 1076 309 1113 ter
337 1073 493 1114 narrari
520 1074 571 1126 (2.
602 1074 667 1122 49,
694 1074 760 1124 5.),
788 1072 856 1125 qui
880 1071 1084 1112 Brundusi
1113 1072 1316 1121 remansit,
1345 1073 1532 1112 obsessus
1557 1086 1582 1113 a
1610 1073 1784 1113 Caesare
1813 1073 1872 1126 (Β.
1905 1073 1947 1114 C.
1982 1075 2013 1113 1.
2048 1074 2113 1122 12,
2139 1074 2174 1113 3.
2204 1073 2400 1113 Druman-

245 1164 321 1190 nus
348 1152 395 1201 3,
425 1150 553 1202 438.);
598 1150 818 1190 Massiliam
854 1162 971 1204 posse
1009 1149 1137 1189 uideri
1173 1153 1331 1204 captam
1369 1163 1458 1189 esse
1495 1156 1589 1190 ante
1620 1151 1805 1192 Caesaris
1840 1151 1881 1190 111
1908 1150 2144 1205 Hispaniam
2182 1150 2400 1190 aduentum

245 1229 297 1282 (2.
324 1230 389 1278 50,
417 1229 484 1279 2.),
513 1241 602 1268 611111
631 1228 758 1268 multo
781 1232 872 1283 post
892 1228 1018 1269 Bruto
1044 1231 1086 1268 et
1114 1227 1308 1285 Trebonio
1332 1228 1563 1269 traderetur
1589 1228 1649 1281 (B.
1680 1229 1723 1270 C.
1751 1230 1786 1269 2.
1817 1230 1881 1278 22,
1912 1230 1986 1280 6.);
2015 1228 2214 1269 aerarium
2245 1227 2398 1268 Romae
2477 1258 2485 1267 .

244 1305 455 1348 effractum
482 1305 769 1361 pecuniamque
798 1306 851 1347 ad
879 1305 1029 1346 bellum
1055 1305 1274 1346 adhibitam
1299 1318 1389 1346 esse
1403 1307 1479 1358 ³⁵),
1509 1309 1648 1347 contra
1675 1306 1799 1361 ipsius
1831 1305 2017 1348 Caesaris
2047 1306 2173 1346 uerba
2199 1305 2258 1358 (Β.
2290 1305 2332 1347 C.
2366 1307 2397 1345 1.

248 1386 309 1435 14,
338 1385 392 1435 6.)
420 1384 576 1425 silentio
605 1383 948 1439 praetermittitur.
1007 1383 1114 1424 Illud
1152 1395 1250 1423 uero
1277 1383 1394 1437 plane
1422 1383 1598 1424 absurde
1626 1384 1667 1424 in
1685 1384 1870 1425 Caesaris
1897 1384 2058 1424 laudem
2089 1383 2397 1424 comminiscitur

245 1461 439 1512 Velleius,
459 1461 671 1503 Afranium
684 1464 727 1503 et
741 1460 956 1511 Petreium,
977 1461 1135 1514 fulgore
1151 1461 1656 1503 armorumCaesareorum
1672 1467 1913 1512 occaecatos,
1933 1475 1976 1502 se
1993 1462 2165 1515 suosqu‘e
2182 1461 2397 1502 tradidisse

245 1540 296 1592 (2.
317 1541 382 1590 50,
413 1541 478 1591 4.).
528 1539 615 1580 Imo
642 1539 798 1580 sortiter
826 1542 1008 1593 pugnant
1037 1538 1090 1580 ad
1118 1538 1295 1579 Ilerdam
1324 1538 1490 1591 <Caesar
1515 1538 1561 1580 Β.
1580 1538 1623 1580 C.
1647 1541 1677 1589 l,
1694 1541 1740 1580 41
1763 1541 1849 1592 sq),
1879 1542 1923 1579 ut
1950 1538 2102 1581 Caesar
2130 1539 2216 1593 ipse
2245 1552 2331 1579 rem
2361 1538 2401 1579 in

244 1617 440 1670 angustiis
468 1616 591 1656 fuisse
612 1616 719 1657 dicat
748 1618 799 1669 (1.
828 1616 893 1666 48,
917 1617 982 1668 5.).
1034 1616 1273 1669 Quanquam
1303 1621 1406 1665 sunt,
1434 1616 1502 1669 qui
1528 1617 1740 1657 Afranium
1768 1617 2001 1657 saltatorem
2030 1616 2246 1665 meliorem,
2281 1629 2401 1668 quam

244 1695 526 1748 imperatorem
565 1694 688 1733 fuisse
707 1694 871 1733 tradant
897 1693 987 1746 (Dio
1009 1694 1073 1743 37,
1097 1694 1181 1742 49„
1210 1706 1329 1745 quem
1366 1693 1545 1745 sequitur
1572 1693 1828 1733 Drumannus
1857 1696 1898 1743 1,
1922 1694 1985 1734 39.
2016 1694 2053 1742 3,
2081 1694 2188 1743 457.)
2247 1693 2400 1734 Contra

244 1771 623 1811 Liuius.Afranium
662 1785 752 1810 cum
781 1770 961 1824 Scipione
990 1770 1116 1810 Bruto
1144 1771 1281 1811 Cassio
1318 1771 1568 1810 coniunctum
1600 1784 1721 1824 saepe
1748 1774 1793 1809 ut
1820 1770 2017 1822 insignem
2045 1770 2174 1809 uirum
2210 1770 2400 1809 laudauit.

245 1848 388 1899 (Taciti
412 1862 501 1889 ann.
532 1850 569 1897 4,
599 1850 661 1889 34.
703 1848 989 1888 Mommsenius
1017 1848 1055 1897 3,
1084 1848 1192 1898 375.)

383 1926 497 1966 Β6116
537 1930 672 1966 autem
699 1926 916 1980 Hispanico
946 1925 1077 1974 finito,
1104 1925 1321 1966 Caesarem
1346 1931 1386 1964 et
1410 1925 1647 1964 dictatorem
1678 1939 1768 1964 esse
1793 1926 1943 1965 factum
1975 1932 2017 1964 et
2046 1925 2215 1964 Romam
2245 1926 2398 1965 redisse

244 2004 304 2057 (B.
336 2004 378 2045 C.
410 2005 446 2044 2.
479 2005 543 2053 21,
572 2006 608 2045 5.
640 2004 715 2044 Dio
741 2006 807 2051 41,
835 2005 898 2045 30.
930 2004 1033 2058 App.
1059 2004 1096 2052 2,
1130 2004 1223 2054 48),
1261 2003 1328 2043 ubi
1364 2003 1475 2054 leges
1516 2004 1608 2042 tulit
1633 2004 1683 2042 de
1713 2016 1807 2043 aere
1835 2004 1964 2043 alieno
1992 2003 2158 2055 aliisque
2184 2004 2234 2042 de
2265 2005 2398 2053 rebus,

244 2082 304 2135 (B.
334 2081 376 2123 6.
407 2083 445 2132 3,
478 2083 507 2120 ι.
538 2081 646 2121 Suet.
681 2081 836 2121 1u1.42.
867 2068 1113 2130 Rufiorffius,
1142 2080 1193 2119 H.
1211 2080 1243 2120 1.
1261 2080 1310 2120 R.
1339 2080 1493 2135 [1857]
1528 2081 1632 2130 ms
1661 2083 1736 2134 sq.)
1766 2094 1930 2135 prorsus
1957 2081 2199 2133 neglegitur.
2246 2081 2400 2120 Deinde

243 2159 364 2199 ualde
404 2161 583 2199 contorte
601 2161 670 2199 ‘ea
697 2162 970 2212 exponuntur,
1002 2170 1105 2211 quae
1139 2161 1232 2197 ante
1273 2170 1448 2212 pugnam
1480 2157 1798 2211 Dyrrhachicam
1825 2171 2058 2197 euenerun..
2115 2158 2256 2211 Neque
2295 2160 2401 2198 enim

244 2235 404 2288 quantis
420 2235 571 2277 Caesar
598 2234 899 2275 difficultatibus
929 2234 1186 2284 laborauerit,
1216 2235 1314 2275 satis
1344 2235 1523 2288 adparet,
1553 2238 1768 2287 antequam
1795 2235 1835 2274 in
1855 2235 2067 2276 Graeciam
2096 2236 2402 2286 transmitteret,

243 2326 373 2366 neque
410 2314 560 2366 quanta
593 2311 679 2352 eius
713 2311 863 2353 fuerint
898 2310 939 2352 in
966 2309 1179 2353 Graeciam
1214 2310 1458 2364 transgressi
1498 2304 1678 2365 pericula
1707 2314 1800 2352 ante
1828 2311 2048 2352 aduentum
2076 2311 2131 2353 M.
2161 2312 2311 2353 Antoni
2340 2312 2401 2365 (B.

244 2391 287 2432 C.
317 2390 355 2440 3,
377 2390 470 2442 25.).
527 2390 642 2437 Quae
680 2389 812 2430 omnia
850 2403 929 2430 non
961 2402 1016 2429 ex
1055 2388 1316 2430 admiratione
1349 2388 1534 2430 Caesaris
1571 2388 1691 2429 nimia
1728 2389 1968 2444 repetenda,
2007 2389 2079 2430 sed
2117 2390 2399 2443 neglegentiae

244 2467 505 2509 condonanda
532 2467 715 2507 arbitror.
775 2466 893 2514 Quod
923 2479 1020 2506 uero
1048 2466 1240 2521 temporis
1267 2470 1509 2506 momentum
1536 2466 1588 2518 (2.
1618 2467 1681 2516 51,
1715 2467 1768 2518 3.)
1800 2466 1982 2507 Velleius
2010 2468 2273 2521 spectauerit,
2311 2481 2401 2507 611111

243 2550 440 2596 narraret,
468 2545 641 2600 primum
660 2544 877 2586 Caesarem
896 2543 1062 2599 Pompei
1090 2544 1234 2584 castris
1262 2557 1337 2584 sua
1363 2543 1554 2593 iunxisse,
1583 2557 1679 2584 mox
1707 2544 1909 2603 obsidione
1934 2558 2026 2584 eum
2054 2545 2263 2599 pressisse,
2291 2546 2402 2586 dubi-

243 2623 322 2665 tari
350 2624 494 2678 potest.
552 2622 749 2662 Bisenim
774 2634 897 2676 prope
925 2621 1167 2676 Pompeiana
1191 2633 1264 2661 sua
1293 2621 1442 2662 Caesar
1468 2623 1603 2672 castra
1631 2622 1778 2676 posuit:
1814 2622 1866 2661 ad
1883 2622 2039 2676 Apsum
2068 2622 2228 2672 flumen,
2256 2624 2322 2663 ubi
2347 2624 2398 2663 de

243 2715 344 2757 pace
376 2702 575 2755 agebatur
611 2701 670 2754 (B.
702 2700 744 2742 C.
774 2701 810 2742 3.
833 2701 903 2750 13,
932 2701 976 2748 6;
1011 2701 1071 2750 19,
1103 2701 1173 2751 1.),
1210 2707 1252 2740 et
1287 2700 1392 2740 circa
1420 2699 1690 2753 Asparagium
1727 2700 1779 2739 ad
1809 2700 2016 2741 Genusum
2041 2701 2092 2752 (3.
2117 2703 2183 2750 41,
2219 2703 2266 2750 1.)
2321 2702 2402 2742 Sed
2487 2732 2491 2736 .

241 2780 323 2820 illic
352 2779 504 2821 Caesar
539 2780 648 2834 prior
685 2783 818 2820 castra
854 2779 1006 2833 posuit,
1044 2778 1378 2833 adpropinquauit
1406 2778 1442 2817 ei
1469 2777 1702 2831 Pompeius;
1744 2778 1806 2817 hic
1835 2777 1950 2817 nimis
1978 2791 2100 2831 prope
2131 2778 2236 2818 alter
2263 2779 2313 2819 ab
2346 2779 2401 2819 al-

243 2861 330 2897 tero
357 2857 480 2896 fuisse
508 2870 587 2897 non
613 2856 785 2896 uidetur.
842 2856 1034 2896 Attamen
1065 2856 1128 2896 hic
1156 2856 1266 2896 locus
1293 2854 1506 2907 significari
1533 2855 1736 2908 putandus
1765 2859 1838 2894 est.
1895 2853 2097 2894 Praelium
2127 2855 2266 2904 etiam,
2297 2855 2401 2908 quod

243 2935 295 2975 ad
313 2934 609 2989 Dyrrhachium
633 2934 887 2973 commissum
914 2938 990 2983 est,
1018 2933 1206 2987 Pompeio
1229 2933 1357 2985 magis
1380 2944 1615 2986 prosperum
1644 2933 1766 2971 fuisse
1795 2945 1886 2970 cum
1915 2931 2070 2980 dicitur,
2098 2932 2213 2971 nimis
2242 2932 2402 2972 uidetur

242 3011 455 3053 extenuari
481 3012 532 3062 (2.
562 3013 627 3060 51,
651 3012 717 3062 3.).
771 3010 877 3050 Nam
904 3011 957 3050 ad
984 3023 1183 3050 summum
1204 3010 1417 3049 discrimen
1444 3008 1631 3049 Caesaris
1660 3022 1724 3048 res
1753 3009 1952 3048 adductae
1983 3015 2086 3057 sunt,
2114 3013 2159 3048 ut
2183 3010 2262 3049 iter
2288 3010 2400 3058 illud,

242 3105 319 3145 quo
353 3088 615 3133 Thessaliam
635 3089 794 3145 petisse
823 3101 915 3128 eum
944 3091 1083 3129 narrat
1105 3088 1297 3138 Velleius,
1325 3088 1445 3140 fugae
1469 3100 1664 3141 perquam
1693 3086 1820 3125 simile
1849 3091 1967 3125 esset.

391 3205 445 3247 35)
472 3206 559 3247 App.
576 3205 608 3244 2,
626 3205 694 3238 41:
733 3200 780 3235 τὰ
812 3198 851 3235 δὲ
882 3198 1032 3247 κλεῖθρα
1068 3203 1145 3234 τῶν
1169 3199 1348 3245 δημοσίων
1372 3202 1546 3244 ταμιείων
1570 3198 1730 3244 ἀπέκοψε
1753 3201 1811 3231 καὶ
1836 3200 1913 3231 τῶν
1937 3195 2129 3244 δημάρχων
2154 3199 2206 3232 ἑνὶ
2230 3198 2400 3244 ,Μετᾶλῳ

240 3262 414 3300 κωλύοντι
442 3259 609 3296 θάνατον
634 3258 777 3305 ἠπείλει.
818 3260 886 3294 Cio.
915 3260 958 3292 ad
984 3264 1056 3294 Att.
1085 3263 1117 3293 ⁴5.
1146 3262 1202 3301 21,
1231 3263 1262 3294 2.
1290 3260 1354 3293 Dio
1381 3262 1446 3299 41,
1477 3262 1529 3293 17.
1581 3260 1701 3292 Vtrum
1728 3264 1838 3290 autem
1865 3262 2015 3292 claustra
2038 3259 2197 3301 fregerit,
2229 3270 2272 3291 an
2295 3260 2396 3300 claui,

241 3334 263 3356 a
289 3323 436 3356 Lentulo
462 3322 591 3361 relicta,
619 3320 799 3364 aperuerit,
822 3319 981 3363 perparui
1005 3320 1157 3351 interest.

2093 3377 2117 3415 5
