2709 3576
1308 85 1373 136 24

251 200 299 240 ut
322 197 563 241 Mommseni
587 196 816 238 narratione
844 197 943 250 (318
973 199 1049 251 sq.)
1079 197 1307 248 edocemur,
1336 210 1388 239 ne
1416 198 1587 240 aliorum
1614 199 1779 252 quidem
1803 199 2043 254 scriptorum
2069 212 2145 254 ope
2170 199 2302 241 omnis
2329 199 2431 241 ash‘s

251 275 429 316 dilucida
464 274 579 314 fiunt.
651 273 919 315 Verissimum
955 287 1074 329 porro
1109 277 1193 323 est,
1238 274 1345 327 quod
1379 273 1584 330 Sauppius
1617 276 1703 318 153.
1738 276 1917 318 maxime
1950 276 2071 318 duxit
2103 274 2429 331 uitulini-andum,

252 364 411 407 pugnas
458 351 512 392 ad
548 351 730 393 Clusium
758 350 998 392 Fauentiam
1027 350 1254 398 Fidentiam
1289 350 1392 392 falso
1424 356 1519 393 ante
1554 364 1734 407 pugnam
1767 353 1823 394 ad
1859 353 1974 398 Sacri
2007 355 2167 409 portum
2202 354 2429 395 consertam

251 429 430 476 narrari;
464 431 599 482 potest
623 432 761 469 tamen
800 428 866 468 hic
894 441 1011 469 error
1037 428 1235 483 explicari
1256 427 1474 483 (Sauppius
1501 428 1526 468 l.
1556 430 1607 480 c.)
1631 429 1709 479 ita,
1737 431 1784 471 ut
1804 429 2007 472 Velleium
2025 443 2205 485 pugnam
2231 429 2286 472 ad
2312 428 2427 471 snm-i

252 510 412 562 portum
443 506 706 547 commissam
744 518 836 546 cum
862 505 1018 547 Collina
1054 519 1152 562 prae
1184 505 1438 548 festinatione
1467 505 1697 548 confudisse
1724 508 1962 549 statuamus.
2019 506 2170 550 Contra
2197 509 2309 549 recte
2339 506 2426 548 sine

253 585 373 625 dubio
411 584 572 625 nomina
599 583 836 638 oppidorum
862 584 1114 633 referuntur,
1155 583 1208 624 ad
1236 597 1340 637 quae
1371 597 1533 638 pugnae
1560 583 1691 625 factae
1721 583 1812 624 sint.
1867 583 1948 625 Pro
1974 583 2115 639 Capua
2143 585 2250 625 enim
2278 584 2427 639 Appia—

253 675 330 702 nus
359 663 413 713 (1,
444 662 511 712 84)
538 660 758 702 Canusium
784 660 1059 713 (Drumannus
1085 661 1245 711 459⁸⁵)
1265 674 1348 715 ,pro
1375 661 1489 702 Sacri
1514 663 1634 715 portu
1649 660 1896 703 Plutarchus
1921 661 2038 714 (Suu.
2067 662 2134 710 28,
2162 662 2205 713 2)
2235 661 2428 715 Signiam,

256 752 360 792 quae
387 742 453 779 est
480 737 611 778 uicina
640 738 737 779 urbs
763 737 902 786 maior,
927 737 1138 792 Appianus
1152 739 1195 786 .1‚
1223 737 1274 778 87
1297 736 1560 788 Praenesten,
1589 738 1669 778 duo
1696 737 1851 793 praelia
1876 738 2137 789 confundens,
2166 740 2329 793 ponunt.

391 815 638 855 Vniuersum
674 818 811 855 autem
841 814 978 854 Sullae
1009 814 1214 867 ingenim
1244 815 1364 867 quale
1393 817 1505 854 esset
1531 814 1730 855 Velleium
1763 828 1843 855 non
1868 815 2024 870 cepisse
2052 809 2175 870 supra
2199 814 2280 856 iam
2306 814 2427 868 signi-

255 893 474 933 ficauimus.
501 891 662 944 (VIIII,
685 892 761 942 19.)
801 891 946 944 Itaque
974 891 1110 930 statim
1135 892 1185 931 ab
1200 890 1314 931 initio
1331 892 1433 932 falso
1449 892 1547 932 dicit
1563 892 1615 945 (2.
1644 893 1703 942 17,
1725 893 1787 943 1.)‚
1817 892 1972 934 Sullam
1987 904 2067 933 non
2080 891 2180 934 satis
2196 894 2290 934 ante
2308 891 2430 933 uicto-

257 971 357 1011 riam
386 970 555 1017 laudari,
587 969 808 1023 uituperari
837 974 929 1023 post
955 969 1175 1009 uictoriam.
1231 969 1384 1009 Earum
1412 969 1519 1009 enim
1546 981 1693 1020 rerum,
1719 982 1821 1023 quas
1848 971 1944 1011 ante
1968 968 2179 1011 uictoriam
2198 968 2311 1012 Sulla
2339 982 2431 1022 ges-

256 1047 321 1095 sit,
350 1047 469 1093 bella,
497 1059 601 1098 quae
633 1045 943 1094 administrauit,
974 1045 1191 1085 laudabilia
1216 1049 1331 1086 sunt:
1367 1045 1451 1086 uita
1480 1045 1567 1086 eius
1597 1058 1672 1086 nec
1699 1045 1972 1101 praedicanda
1998 1058 2074 1087 nec
2097 1045 2432 1101 reprehendenda

255 1127 330 1171 est,
359 1123 431 1161 sed
460 1136 514 1161 ex
543 1122 676 1161 indole
705 1122 959 1175 explicanda.
1013 1121 1111 1161 Post
1137 1122 1346 1161 uictoriam
1374 1134 1516 1161 uerum
1545 1124 1608 1161 est
1636 1122 1989 1177 proscriptionibus
2013 1136 2107 1163 eum
2135 1122 2176 1163 in
2205 1121 2315 1163 ciues
2342 1135 2430 1163 sae-

255 1200 363 1240 uisse
391 1198 586 1239 Marianis
615 1211 663 1238 eo
691 1198 982 1238 crudelioribus
1007 1199 1058 1250 (2.
1089 1198 1153 1246 32,
1188 1199 1250 1248 1.),
1279 1199 1386 1251 quod
1414 1212 1570 1239 merces
1598 1199 1739 1254 capitis
1764 1200 1914 1245 ciuium
1943 1199 2266 1250 constitueretur,
2294 1199 2348 1253 (2.
2367 1199 2421 1240 22

253 1279 307 1328 4.)
345 1277 531 1330 quodque
563 1276 677 1317 Sulla
715 1290 794 1316 non
833 1276 992 1317 ultionis
1031 1278 1137 1316 fame
1176 1276 1334 1316 incitari
1370 1277 1577 1317 uideretur
1616 1277 1667 1329 (2.
1696 1277 1770 1326 28,
1803 1277 1870 1327 3.).
1933 1276 2094 1316 Etenim
2130 1275 2427 1317 exterminandi

253 1361 369 1395 erant
398 1354 631 1409 populares,
669 1367 747 1407 quo
771 1353 984 1408 optimates
1012 1366 1060 1394 eo
1090 1353 1239 1393 certius
1259 1353 1579 1397 dominarentur.
1636 1353 1718 1395 Sed
1746 1353 1936 1394 uniuersa
1962 1354 2079 1417 haec,
2117 1367 2221 1406 quae
2249 1352 2338 1392 fieri
2365 1366 2426 1393 so-

254 1432 331 1482 let,
374 1431 481 1472 inter
510 1431 648 1497 Sullae
682 1430 908 1484 ingenium,
946 1431 1066 1483 quale
1103 1436 1217 1490 ante⁷
1243 1432 1452 1472 uictoriam
1487 1431 1684 1484 qualeque
1721 1431 1893 1472 dictator
1932 1431 2119 1472 habuisse
2147 1432 2331 1485 putatur,
2368 1429 2426 1470 di-

253 1509 424 1557 stinctio,
453 1521 508 1547 ex
537 1521 597 1557 eo,
622 1508 728 1561 quod
757 1508 974 1561 singularis
994 1508 1115 1548 animi
1134 1508 1220 1548 eius
1237 1508 1394 1549 indoles
1414 1523 1492 1549 non
1517 1512 1708 1562 percepta
1729 1511 1804 1557 est,
1832 1509 2053 1563 repetenda
2080 1508 2251 1548 uidetur.
2308 1507 2426 1560 (Dru-

253 1599 424 1626 mannus
452 1585 499 1635 2,
529 1586 609 1627 500
656 1585 726 1626 cfr.
763 1584 1085 1640 incomparabilis
1110 1585 1350 1626 Mommseni
1386 1578 1601 1640 descriptio
1629 1586 1672 1635 2,
1701 1586 1924 1637 366-376.)
1985 1585 2199 1635 Attamen,
2241 1583 2425 1638 quamuis

255 1665 493 1718 uestigium,
536 1664 643 1718 quod
672 1664 759 1719 ipse
787 1664 957 1715 indicat,
994 1678 1072 1705 non
1103 1667 1341 1719 persecutus
1370 1664 1422 1705 sit
1452 1663 1644 1714 Velleius,
1674 1668 1811 1705 tamen
1836 1666 1991 1705 rectum
2014 1662 2265 1717 significauit.
2332 1661 2426 1702 Fuit

253 1743 361 1782 enim
388 1743 428 1782 in
458 1742 572 1783 Sulla
599 1756 756 1781 summa
784 1727 919 1782 rerum
956 1742 1206 1797 publicarum
1243 1742 1447 1795 futurique
1476 1741 1734 1794 neglegentia
1761 1754 1852 1782 cum
1879 1739 2011 1782 studio
2036 1741 2098 1781 sui
2124 1740 2319 1781 acerrimo
2335 1752 2425 1780 con—

253 1820 398 1859 iuncta.
455 1820 591 1872 Atque
618 1820 690 1859 hoc
705 1801 891 1859 ‘maxime
922 1833 976 1858 ex
990 1833 1037 1859 eo
1055 1820 1245 1868 cernitur,
1276 1820 1382 1872 quod
1402 1833 1475 1874 per
1492 1819 1706 1859 triennium
1730 1819 1992 1872 regnantibus
2010 1818 2164 1859 Romae
2181 1816 2425 1859 aduersariis

253 1897 491 1937 Mithradati
523 1898 675 1937 bellum
709 1897 843 1937 intulit
877 1902 931 1946 et,
968 1897 1170 1937 simultate
1206 1911 1285 1938 non
1313 1898 1455 1947 celata,
1484 1902 1619 1937 tamen
1643 1897 1752 1951 prius
1772 1892 2007 1946 debellare,
2035 1909 2155 1949 quam
2183 1895 2234 1935 de
2257 1894 2425 1935 inimicis

254 1975 492 2031 supplicium
521 1988 681 2014 sumere
707 1975 913 2015 constituit
942 1976 993 2027 (2.
1023 1976 1087 2023 28,
1112 1976 1165 2025 4.)
1181 1976 1256 2025 ²³).
1314 1975 1507 2014 Attamen
1544 1978 1694 2027 quanta
1733 1974 1855 2013 fuerit
1892 1974 1932 2013 in
1971 1972 2176 2027 republica
2204 1971 2425 2028 ordinanda

255 2052 332 2092 uiri
360 2052 615 2105 magnitudo,
644 2065 698 2091 ex
723 2051 893 2100 Velleio,
931 2052 999 2105 qui
1032 2053 1083 2092 de
1121 2052 1206 2092 sola
1238 2052 1329 2105 lege
1357 2052 1567 2092 tribunicia
1595 2052 1634 2091 in
1658 2056 1893 2100 transcursu
1920 2051 2161 2091 mentionem
2191 2033 2343 2098 iniciat,
2370 2049 2422 2101 (2.

256 2130 320 2179 30,
349 2131 403 2180 4.)
433 2143 512 2170 non
542 2130 768 2170 edocemur.

1285 2267 1383 2308 ΧΠ.

397 2365 486 2403 Iam
521 2366 595 2404 hoe
633 2366 718 2404 loco
747 2367 798 2418 (2.
830 2367 895 2415 29,
928 2367 983 2417 2.)
1011 2367 1177 2420 Pompei
1213 2367 1420 2420 ingenium
1458 2379 1669 2419 moresque
1705 2370 1789 2406 tam
1816 2364 1976 2405 eximiis
2005 2364 2190 2404 laudibus
2218 2363 2424 2411 tolluntur,

254 2443 299 2481 ut
340 2441 435 2495 quid
463 2441 647 2483 Velleius
682 2442 733 2482 de
767 2455 815 2483 co
840 2442 882 2483 in
909 2443 1143 2484 uniuersum
1172 2443 1347 2485 senserit
1374 2446 1416 2485 et
1442 2446 1640 2498 quatenus
1667 2442 1828 2485 ueritati
1854 2442 1908 2484 sit
1934 2443 2246 2484 consentaneum
2272 2439 2424 2481 exami-

169 2540 171 2543 .
254 2519 432 2559 nandum
461 2532 551 2558 esse
579 2519 777 2559 uideatur.
833 2520 967 2572 Atque
996 2520 1030 2559 si
1059 2522 1233 2561 demeris
1262 2522 1480 2562 oratorium
1506 2523 1661 2570 fucum,
1689 2534 1768 2561 non
1796 2521 1885 2570 erit,
1913 2533 1986 2560 cur
2012 2519 2083 2569 eis,
2112 2519 2215 2573 quae
2244 2517 2425 2556 Velleius

255 2594 382 2644 dicat,
422 2610 499 2641 non
535 2597 717 2637 accedas.
773 2597 1014 2649 Quanquam
1049 2599 1155 2637 enim
1188 2600 1228 2638 in
1256 2600 1298 2638 id
1327 2599 1492 2648 desinit,
1536 2602 1581 2638 ut
1606 2598 1840 2654 Pompeium
1873 2598 2046 2638 omnium
2082 2596 2270 2636 uitiorum
2296 2605 2424 2649 paene

254 2675 468 2726 expertem
498 2672 670 2722 scribat,
706 2675 843 2713 tamen
871 2687 949 2714 non
976 2674 1140 2730 desunt,
1176 2689 1231 2716 ex
1253 2675 1398 2729 quibus
1426 2676 1602 2717 indolem
1622 2676 1730 2717 illius
1757 2689 1851 2717 eum
1877 2675 2027 2716 rectius
2056 2672 2314 2729 perspexisse
2342 2671 2425 2711 elu-

255 2752 355 2788 ceat.
418 2749 484 2789 Ita
520 2750 626 2802 quod
663 2749 897 2806 Pompeium
936 2752 1135 2792 neminem
1169 2753 1245 2793 sibi
1284 2766 1422 2808 parem
1461 2753 1610 2795 habere
1655 2753 1832 2795 uoluisse
1865 2752 1983 2802 dicit,
2016 2751 2050 2792 si
2078 2764 2169 2792 cum
2196 2763 2245 2791 eo
2266 2748 2425 2791 coniun-

254 2826 449 2875 xerimus,
478 2827 584 2879 quod
601 2828 813 2881 potentiae
842 2842 953 2878 eum,
981 2843 1084 2883 quae
1110 2830 1269 2872 honoris
1298 2843 1442 2872 caussa
1469 2831 1709 2881 deferretur,
1734 2843 1816 2872 non
1842 2836 1962 2884 quam
1982 2829 2068 2884 ipse
2099 2830 2333 2882 occuparet,
2358 2839 2426 2867 cu-

255 2903 505 2956 pidissimum
535 2904 659 2943 fuisse
688 2905 823 2954 tradit,
851 2906 946 2959 quid
977 2919 1144 2948 caussae
1170 2907 1293 2948 fuerit
1317 2907 1611 2960 intellegemus,
1639 2921 1712 2948 cur
1740 2910 1783 2948 et
1810 2908 1918 2948 bella
1940 2908 1992 2947 ab
2015 2906 2105 2947 aliis
2120 2903 2248 2961 pa’ene
2266 2903 2426 2959 sepulta

256 2977 308 3019 ad
346 2978 467 3019 finem
502 2980 725 3034 perducere
762 2983 935 3034 gestiret
964 2984 1016 3035 (2.
1050 2985 1114 3032 30,
1144 2986 1179 3025 3.
1210 2986 1277 3036 34,
1304 2985 1340 3024 2.
1378 2985 1482 3025 Plut.
1513 2985 1650 3040 Pomp.
1673 2986 1713 3035 2,
1740 2986 1803 3026 21.
1833 2985 2003 3040 Appian.
2031 2984 2076 3025 B.
2107 2984 2150 3026 O.
2185 2986 2219 3035 1,
2252 2984 2356 3034 115.)
2383 2986 2427 3024 et

391 3093 448 3134 ²⁴)
475 3093 529 3125 Eo
554 3093 657 3127 etiam
680 3093 846 3139 pertinet,
885 3095 975 3140 quod
1000 3108 1132 3131 summa
1156 3098 1363 3143 insequentis
1391 3100 1552 3145 temporis
1576 3100 1708 3135 incuria
1728 3100 2031 3145 periculosissimos
2059 3099 2272 3135 aduersarios
2295 3098 2424 3132 incolu-

256 3158 327 3184 mes
352 3152 482 3185 dimisit
506 3155 553 3193 (2.
577 3155 637 3193 25,
664 3156 697 3189 2.
726 3156 787 3196 3.).
831 3156 1032 3199 Quanquam
1068 3157 1127 3190 uix
1160 3167 1236 3191 cum
1261 3157 1406 3191 ueritate
1430 3159 1617 3203 conspirat,
1650 3158 1741 3203 quod
1762 3159 1949 3194 Sertorium
1971 3170 2103 3205 quoque
2127 3171 2149 3194 a
2173 3159 2269 3194 Sulla
2289 3161 2424 3203 captum

255 3209 498 3255 dimissumque
525 3210 608 3245 dicit
632 3212 784 3257 Velleius
808 3213 996 3261 (Sauppius
1027 3216 1127 3257 1510.
1185 3221 1215 3252 A
1237 3218 1369 3253 nemine
1397 3219 1486 3253 enim
1518 3219 1588 3254 alio
1612 3219 1696 3266 haec
1718 3231 1771 3253 res
1796 3223 2087 3256 commemoratur.
2128 3221 2201 3254 Nec
2215 3223 2328 3252 tamen
2349 3229 2424 3252 cum

256 3271 452 3303 Drumanno
471 3273 502 3310 2,
526 3273 663 3305 45981.
690 3275 724 3315 4,
748 3274 886 3309 352⁷⁴.
913 3273 1016 3308 uerba
1038 3274 1100 3309 illa
1125 3279 1167 3310 ab
1195 3276 1437 3321 interpolatore
1463 3278 1614 3323 prosecta
1638 3288 1711 3313 esse
1735 3279 1936 3324 putauerim„
