2709 3576
240 226 828 283 ufitmuphoet·(V⁶1¹
856 227 1484 284 πιῢοέᾱθιιωε)
1474 231 2421 304 &mmm

1346 491 1359 512 v
1416 491 1426 503 ·
1945 491 1964 500 ’·’

238 537 332 591 (Dio
358 538 424 587 55,
448 537 495 579 9:
536 544 626 588 τοῖς
652 535 783 591 ‘dv‘
757 555 822 582 οτι
848 543 1147 593 περιαιρεῖσθαι
1172 539 1357 591 Bokana).
1419 537 1511 581 Non
1537 552 1640 595 ergo
1665 541 1855 601 Aelim
1882 512 2053 590 tunm
2062 516 2293 599 (Hoonk'ms
2309 513 2416 599 ἐ7,)

239 613 515 657 sedTiberius
538 613 663 656 etiam
690 614 766 656 hoe
790 617 905 656 stetu
930 617 1142 656 contentus
1166 626 1260 655 esse
1277 612 1418 670 putuit.
1462 616 2412 675 emtas-domnitertedoenedolem3

238 696 286 735 ut
298 692 453 749 primus
471 692 561 746 quis
576 694 669 747 post
683 691 970 747 imperatorem
985 695 1107 742 esset,
1123 692 1194 734 illa
1212 705 1293 734 non
1307 696 1399 735 erat
1411 705 1515 749 opus
1528 694 1619 746 (efr-
1633 693 1878 746 xvnum.
1887 697 2304 753 43.).·Quidaatan?
2337 700 2411 755 ui}

238 770 444 813 Velleium
455 770 557 811 illud
578 783 746 825 prorsus
761 771 1033 813 commentum
1045 783 1136 811 esse
1149 773 1289 825 petest
1302 770 1453 826 pussri,
1478 772 1600 827 quod,
1621 771 1892 820 Octauium
1913 773 2414 834 mmmm-

235 849 379 898 luisse,
412 851 574 898 narrat,
612 848 687 888 sed
723 848 831 889 hune
867 860 1119 903 repugnasse
1146 848 1350 901 (¹03,-2.).
1407 849 1604 893 Attamen
1628 848 1816 893 Tiberius
1842 850 2036 900 Rhodum
2056 854 2246 905 88888811.
2289 854 2412 906 oud
2502 877 2504 879 ·

236 939 329 967 eum
369 925 554 967 Velleius
596 924 857 967 inenarrabili
896 926 1060 968 cuidam
1093 924 1229 967 Tiberi
1272 926 1415 980 luetati
1454 927 1612 978 tribuit,
1658 940 1740 982 qua
1786 928 2101 976 neo-nsum
2124 931 2410 991 niffiw

236 1003 367 1056 gloria
394 1003 577 1044 offioemt
602 1003 791 1052 emebat,
831 1009 945 1044 ωηο
972 1007 1085 1045 errat
1109 1003 1190 1056 (99,
1217 1004 1293 1055 2),
1328 1004 1403 1045 sed
1438 1004 1497 1046 18
1531 1007 1663 1056 emt,
1710 1008 1758 1047 ιιι
1791 1006 1898 1061 qnod
1929 992 2021 1064 ῑῇιε
2050 1006 2238 1062 Tib-:im
2265 1014 2408 1066 pum

235 1093 405 1122 caussae
443 1080 568 1120 fuisse
604 1079 711 1119 dixit
744 1079 933 1132 quodque
961 1094 987 1121 a
1012 1080 1148 1122 multis
1167 1080 1365 1123 creditum
1391 1084 1476 1132 est,
1514 1082 1668 1124 referat
1693 1083 1822 1136 (Suet.
1849 1082 1908 1126 Ti.
1938 1084 2183 1138 ammosa,
2205 1088 2243 1134 3.
2272 1087 2411 1138 Ruhn-

237 1157 382 1197 kenius
414 1156 467 1197 ad
495 1157 533 1196 h.
547 1156 572 1196 l.
591 1156 712 1207 393.).
768 1155 923 1197 Veram
952 1160 1087 1198 autem
1114 1170 1301 1198 seoessus
1331 1171 1516 1201 8811888111
1542 1159 1731 1214 expediri
1756 1173 1891 1215 poue,
1912 1161 2002 1203 ime
2018 1162 2190 1216 negauit
2199 1162 2408 1209 Hoeekius

234 1235 300 1277 38.
358 1234 441 1276 Sed
468 1247 548 1274 non
579 1237 764 1276 8888111111
791 1246 884 1274 8888
914 1233 1116 1275 Tiberium
1141 1233 1272 1276 Roma
1296 1234 1510 1277 discedere
1534 1235 1645 1289 (Tae.
1676 1239 1710 1287 1,
1738 1239 1815 1289 4.),
1856 1238 1979 1281 ⁴fusile
2002 1239 2407 1294 elucet-(simorum

228 1316 272 1363 ·1‚
301 1315 366 1364 6.).
423 1311 533 1359 Quid
566 1311 699 1352 enim?
741 1311 837 1366 Ipse
865 1311 1029 1353 Tacitus
1064 1314 1096 1362 1,
1123 1313 1187 1354 53.
1219 1312 1414 1366 largitur,
1449 1312 1631 1356 intimam
1661 1313 1700 1355 ei
1725 1314 1945 1357 seeedendi
1971 1328 2157 1359 8811888111
2182 1317 2324 1361 fuisse,
2339 1318 2406 1361 Iu—

171 1395 175 1399 ”
233 1391 312 1432 1188
343 1390 562 1438 adulterim
594 1389 823 1439 Suetonius,
852 1388 911 1431 Ti.
945 1392 1023 1439 10„
1062 1403 1217 1430 summa
1255 1402 1349 1430 eum
1378 1390 1618 1432 difficultate
1652 1392 1704 1433 ab
1732 1391 2259 1449 Octauianoproficisoendi
2285 1396 2406 1441 lieen-

232 1468 330 1508 tiam
368 1467 662 1521 impetrauisse.
731 1467 827 1508 Sine
863 1450 1002 1507 dubio·
1024 1471 1158 1507 sutem
1189 1466 1317 1509 Iuliae
1354 1467 1521 1510 lasciuia
1554 1469 1642 1510 8818
1678 1473 1899 1511 eommotus
1936 1484 2016 1513 non
2052 1474 2127 1514 est.
2182 1472 2287 1515 Puto
2314 1486 2407 1519 eum

233 1543 435 1585 desiderio
464 1543 527 1583 sui
547 1547 590 1583 et
614 1543 726 1583 ciues
753 1546 796 1583 et
810 1543 1084 1596 ‚Oetamanum
1111 1543 1287 1583 adficere
1317 1544 1504 1584 uoluisse.
1561 1544 1707 1587 Statim
1733 1546 1842 1587 enim
1862 1547 2062 1602 adparere
2077 1550 2298 1603 oportebat,
2323 1549 2406 1592 Ga-

234 1622 317 1662 ium
344 1635 438 1661 eum
466 1621 612 1660 ducem
641 1633 721 1661 non
747 1632 863 1669 esse,
901 1620 970 1673 qui
999 1620 1039 1659 in
1066 1619 1200 1660 Tiberi
1228 1620 1360 1661 locum
1386 1621 1606 1661 succedere
1633 1626 1782 1676 posset.
1855 1622 2000 1677 Itaque
2028 1637 2234 1679 „praecox
2258 1624 2406 1672 Caesa·

233 1711 324 1738 rum
352 1697 553 1746 ambitio,“
581 1710 685 1750 quae
714 1697 836 1737 nullis
864 1698 986 1737 rebus
1014 1697 1140 1749 gestis
1168 1696 1400 1746 fulciretur,
1443 1711 1537 1738 eum
1564 1697 1730 1738 offendit
1756 1699 1847 1751 (Dio
1874 1700 1899 1739 l.
1924 1713 1969 1740 e«
1987 1704 2215 1755 βουληθεὶς
2241 1703 2284 1746 δὲ
2312 1705 2403 1755 πρό-

231 1796 313 1820 πον
349 1775 440 1819 unni
479 1782 635 1827 μᾶλλον
670 1773 827 1825 αὐτοῦς
862 1779 1131 1828 σωφρονίσαι.
1173 1775 1244 1814 cfr.
1279 1774 1462 1815 Norisius
1494 1776 1570 1817 100
1599 1775 1672 1826 0.).
1729 1775 1819 1816 18111
1847 1776 2030 1818 Velleius
2069 1778 2285 1820 honoribus
2309 1792 2403 1821 eum

230 1854 365 1895 Rhodi
403 1868 482 1895 non
520 1854 699 1894 caruisse
738 1856 889 1893 narrat.
945 1852 1056 1900 Quos
1092 1865 1321 1906 quanquam
1357 1852 1396 1893 ei
1431 1852 1579 1914 multos
1615 1852 1786 1894 tributos
1810 1866 1903 1894 esse
1930 1867 2048 1896 nemo
2073 1858 2198 1909 negat
2223 1855 2334 1909 (Tae.
2363 1857 2402 1906 2,

230 1933 294 1973 42.
324 1931 434 1973 Suet.
464 1930 524 1971 Ti.
559 1931 618 1971 12.
660 1929 869 1971 Hoeekius
899 1930 937 1979 2,
959 1930 1064 1982 56.)‚
1112 1933 1248 1970 tamen
1267 1929 1389 1970 ‘in'eo
1416 1929 1599 1969 Velleius
1626 1929 1732 1970 iusto
1759 1930 1928 1970 ulterius
1955 1932 2200 1985 processisse
2227 1919 2401 1983 uidetur,

229 2010 336 2064 quod
374 2023 467 2050 eum
504 2022 528 2050 a
556 2007 671 2058 Gaio,
711 2008 753 2048 in
780 2006 989 2049 Orientem
1025 2007 1312 2062 proficiscente,
1350 2009 1591 2047 conuentum
1625 2006 1742 2059 eique
1769 2019 1908 2047 omnes
1935 2008 2107 2048 honores
2132 2012 2178 2050 ut
2205 1997 2401 2064 superiori

229 2088 387 2129 habitos
414 2100 505 2127 esse
535 2086 743 2127 contendit
770 2086 823 2138 (2,
854 2087 972 2134 101.).
1030 2085 1109 2126 Sed
1138 2098 1188 2125 ne
1217 2085 1292 2125 hae
1316 2083 1479 2137 quidem
1505 2083 1546 2123 in
1574 2097 1617 2124 re
1645 2084 1886 2126 adulationis
1912 2085 2190 2138 (Casaubonus
2218 2086 2270 2128 ad
2286 2086 2398 2129 Suet.

230 2164 341 2205 Suet.
360 2163 417 2204 Ti.
440 2164 506 2210 123
533 2166 557 2203 4
575 2177 611 2217 p.
637 2164 684 2203 10
703 2161 788 2213 W.)
814 2162 882 2202 uel
908 2162 1222 2216 „imprudentiae
1238 2161 1418 2201 fallacis“
1447 2160 1671 2213 (Hoeekius
1686 2162 1724 2210 2,
1748 2161 1828 2212 80.)
1842 2162 2059 2215 uestigium
2075 2163 2400 2217 deprehenditur.

229 2241 413 2295 Namque
447 2245 558 2281 certe
578 2239 762 2280 Velleius
788 2243 832 2280 et
858 2238 1001 2280 uitrico
1032 2244 1073 2278 et
1098 2238 1330 2293 imperatori
1348 2251 1526 2278 summos
1542 2238 1714 2280 honores
1734 2239 1940 2280 habendos
1962 2252 2054 2279 esse
2075 2240 2242 2280 censuit.
2284 2240 2400 2281 Idem

227 2320 268 2360 in
303 2333 352 2360 ea
382 2318 509 2369 cadit,
549 2318 693 2372 quibus
722 2330 747 2358 8
772 2316 934 2357 Tiberio
964 2316 1273 2369 digredientium
1302 2315 1482 2356 dolorem
1509 2315 1702 2356 describit
1728 2316 1780 2367 (2.
1808 2316 1873 2366 99,
1903 2317 1970 2367 3.).
2033 2316 2174 2370 Neque
2199 2317 2304 2358 enim
2333 2331 2400 2373 po-

227 2398 303 2439 tuit
331 2397 584 2450 intellegere,
615 2409 693 2449 quo
721 2395 851 2444 modo,
881 2394 950 2447 qui
966 2393 1166 2435 Tiberium
1198 2393 1420 2434 salutatum
1448 2392 1618 2443 ueniret,
1648 2406 1727 2434 non
1753 2406 1910 2434 summa
1935 2394 2194 2435 ueneratione
2209 2394 2400 2437 adficere-

225 2481 304 2524 tur,
334 2479 405 2515 aut
420 2475 466 2523 is,
486 2473 554 2527 qui
570 2475 622 2513 ab
638 2486 687 2513 eo
707 2472 951 2520 diseederet,
976 2471 1123 2511 doloris
1139 2483 1291 2525 expers
1306 2474 1499 2510 maneret.
1516 2494 1571 2500 —
1599 2470 1719 2517 Quod
1732 2470 1768 2511 si
1785 2484 1883 2511 uere
1899 2458 2083 2512 Tiberius
2100 2473 2239 2513 uolens
2252 2473 2400 2514 disees-

225 2552 289 2601 sit,
319 2558 455 2592 tamen
475 2564 567 2590 eum
598 2564 677 2590 non
704 2549 828 2589 inuito
846 2545 1068 2589 Octauiano
1084 2547 1304 2588 reuertisse
1329 2550 1483 2586 certum
1511 2550 1584 2587 est.
1628 2547 2024 2589 Vniuersamaeautem
2047 2549 2150 2590 118118
2168 2562 2254 2590 rem
2273 2550 2399 2591 fuisse

225 2628 528 2674 subtilissimam
555 2628 640 2681 ipse
671 2626 854 2666 Velleius
883 2624 1093 2678 significat,
1122 2624 1189 2678 qui
1217 2623 1423 2664 Tiberium
1450 2623 1531 2665 iam
1558 2626 1652 2665 ante
1680 2623 1828 2666 Gaium
1855 2628 1899 2665 et
1922 2624 2091 2665 Lueium
2119 2629 2296 2666 mortuos
2316 2626 2395 2667 Ro-

223 2719 331 2746 mam
371 2705 612 2753 reuertisse,
647 2704 994 2755 Octauianumque
1026 2702 1103 2742 iam
1137 2704 1232 2743 ante
1270 2714 1363 2741 eum
1398 2700 1592 2756 adoptare
1624 2701 1820 2752 uoluisse,
1856 2680 2019 2744 disertis
2046 2702 2182 2743 uerbis
2210 2703 2398 2745 adfirmet

224 2784 430 2833 (103,1.).
483 2781 633 2821 Contra
668 2780 725 2820 nil
761 2781 812 2819 de
853 2779 1047 2834 epistula,
1084 2792 1163 2831 qua
1194 2777 1379 2819 Tiberius
1408 2776 1687 2828 Octauianum,
1709 2780 1756 2818 ut
1781 2778 1934 2819 reuerti
1960 2778 2037 2819 sibi
2066 2778 2220 2830 lioeret,
2246 2780 2393 2826 dieitur

222 2873 390 2914 rogasse
422 2859 550 2911 (Suet.
576 2857 634 2898 Ti.
668 2859 725 2899 12.
756 2858 831 2898 Dio
856 2859 909 2898 55
939 2871 976 2911 p.
1005 2857 1133 2908 366.),
1162 2857 1295 2910 deque
1332 2868 1400 2904 88,
1439 2854 1546 2908 quod
1573 2853 1821 2895 Octauianus
1858 2854 1936 2897 Gai
1974 2868 2213 2897 eonsensum
2249 2857 2396 2899 dieitur

221 2937 527 2991 requisissess).
586 2935 760 2976 Videtur
792 2935 918 2989 igitur
956 2947 1021 2974 res
1058 2934 1114 2975 ita
1144 2947 1188 2974 se
1218 2933 1390 2982 habere,
1434 2935 1480 2972 ut
1504 2936 1718 2987 postquam
1739 2932 1865 2974 semel
1895 2931 2079 2975 Tiberius
2107 2933 2278 2977 Romam
2301 2935 2394 2977 reli-

360 3041 415 3084 ι0)
442 3039 579 3073 Nimius
611 3043 724 3073 autem
759 3042 810 3072 est
844 3037 1015 3081 Sauppius
1043 3038 1130 3077 155„
1156 3035 1327 3070 Velleium
1363 3030 1548 3079 incusans,
1574 3034 1664 3079 quod
1696 3035 1870 3070 Tiberium
1902 3035 1986 3070 dicit
2011 3040 2088 3081 post
2111 3039 2283 3082 sumptum
2309 3048 2330 3071 8
2356 3037 2394 3072 G.

220 3101 361 3134 Caesare
395 3099 531 3132 uirilem
568 3103 683 3141 togam
721 3097 934 3139 discessisse,
967 3096 1145 3130 reuertisse
1172 3094 1306 3128 vinicio
1342 3105 1426 3136 eos„
1465 3098 1598 3138 septem
1623 3104 1729 3129 annos
1753 3094 1869 3128 Rhodi
1888 3099 2056 3130 noratu-
2083 3096 2155 3139 (99,
2177 3098 2238 3139 4..)
2286 3095 2394 3130 Gaius

219 3159 310 3192 euim
343 3161 551 3202 praetextum
587 3156 744 3201 deposuit
767 3155 851 3201 ipsis
877 3155 959 3189 Kal.
984 3154 1057 3189 lan.
1082 3156 1160 3189 7⁴9.
1195 3154 1242 3195 (N
1244 3163 1368 3186 omme
1388 3155 1422 3194 2,
1445 3154 1469 3185 4
1493 3164 1526 3197 p.
1556 3154 1671 3196 102),
1706 3153 1860 3187 Vinicia-
1884 3154 2097 3188 sommam
2120 3154 2227 3197 gessit
2249 3166 2282 3189 8.
2312 3156 2392 3190 ⁷⁷⁶.

218 3228 324 3273 usque
349 3216 393 3251 ad
419 3227 568 3250 mensem
594 3216 910 3259 lunium.1tsque
943 3223 1002 3248 sex
1035 3223 1139 3247 anuos
1170 3213 1290 3258 pleno·
1323 3212 1473 3245 abfuisse
1505 3211 1675 3255 putandu-
1710 3215 1762 3245 est
1796 3216 1832 3246 et
1860 3211 1951 3256 quod
1975 3213 2118 3247 excedit.
2166 3212 2394 3255 Noglegehter

218 3277 267 3320 ¹8¹
255 3277 325 3310 itur
349 3275 400 3308 ve
404 3276 463 3309 1181
451 3287 504 3309 1811
529 3286 636 3308 annos
660 3274 872 3314 numerauit,
906 3285 974 3307 non
1003 3274 1164 3318 temporis
1188 3272 1355 3318 spatium,
1390 3275 1430 3306 ut
1449 3271 1590 3314 dieitur,
1624 3283 1646 3306 8
1666 3271 1752 3307 ὥσ
1741 3282 1778 3306 in
1796 3272 1886 3307 diem
1911 3273 2134 3318 sompni-nit.
2181 3273 2310 3307 Contra
2333 3271 2391 3306 Ti-

216 3336 348 3369 bei-ium
374 3345 418 3367 811
421 3340 492 3368 tes
478 3338 646 3378 sumptam
668 3344 689 3367 8
714 3333 801 3367 Gaio
826 3337 942 3376 togam
968 3332 1101 3367 uirilem
1125 3332 1314 3377 profectum
1341 3341 1424 3373 esse,
1450 3340 1517 3364 uon
1542 3334 1593 3365 est
1617 3331 1690 3364 ueri
1719 3331 1841 3365 simile.
