2709 3576
1291 94 1350 144 31

240 209 286 251 B.
303 209 347 253 0.
361 210 399 261 2,
419 211 511 261 17.),
539 210 736 264 quodque,
764 209 948 249 consules
974 208 1111 258 creati,
1139 208 1332 250 Catonem
1353 220 1378 248 a
1404 210 1595 262 praetura
1622 208 1832 262 prohibent
1860 208 1952 259 (τὰς
1970 198 2108 259 φυλᾶς
2125 192 2383 264 duabusque

241 308 304 340 τις
329 289 434 331 Ρ1111.
462 289 487 329 l.
518 290 569 341 c.)
603 287 837 330 iamdudum
872 300 923 329 ea
950 289 1068 341 erant
1101 286 1143 327 in
1175 300 1253 327 usu
1285 286 1360 327 fori
1386 285 1567 327 Romani.
1628 288 1779 328 Gestus
1817 300 1913 327 uero
1951 290 2015 327 est
2049 287 2279 328 consulatus
2317 301 2395 328 non

240 367 372 407 minus
406 365 685 420 probabiliter,
722 378 842 418 quam
869 364 1068 406 Caesaris.
1123 364 1265 417 Neque
1302 364 1408 404 enim
1436 363 1514 404 ΠΙ.
1554 364 1631 403 uiri
1653 369 1815 418 praeter
1840 365 2016 419 ipsorum
2048 366 2254 406 commoda
2283 365 2395 418 quid-

241 458 361 498 quam
389 444 431 484 in
456 446 626 496 utroque
657 445 851 498 spectant.

376 521 465 577 D¹.¹⁰
487 523 622 562 autem
654 524 781 571 erant,
812 534 887 575 per
908 535 1008 574 quos
1038 522 1190 562 bellum
1216 521 1345 571 ciuile,
1374 535 1451 574 quo
1474 521 1605 561 minus
1632 525 1872 575 erumperet,
1889 521 2194 575 prohibebatur:
2224 521 2394 562 Crassus

241 602 284 640 et
310 598 425 639 Iulia.
483 599 664 645 Quorum
699 599 767 638 ille
802 599 909 639 bello
937 598 1124 639 Parthico
1148 597 1397 650 interiitss),
1439 600 1540 639 haec
1581 598 1715 652 paullo
1742 602 1832 652 post
1856 603 1985 638 morte
2015 599 2227 652 absumpta
2253 605 2317 637 est
2330 599 2394 648 ³¹)

242 676 293 730 (2.
317 676 382 726 47,
411 676 476 727 2.).
536 675 618 717 0111·
652 685 749 716 uero
780 675 951 717 Crassus
989 676 1138 716 bellum
1166 676 1397 716 Parthicum
1435 676 1715 716 administrare
1752 681 1834 716 tam
1870 676 2018 716 acriter
2052 676 2238 728 gestiret,
2284 679 2393 715 recte

240 754 423 794 Velleius
454 755 669 795 adsecutus
695 757 767 794 est.
812 754 983 794 Difficile
1012 754 1118 794 enim
1145 754 1255 794 dictu
1281 754 1452 805 uidetur,
1481 759 1616 794 utrum
1643 754 1729 793 auri
1759 755 1875 803 fame,
1904 755 1943 793 in
1973 754 2059 793 dies
2075 753 2203 806 magis
2227 753 2392 801 intenta,

241 832 444 873 excitatus
471 832 524 872 sit
551 832 604 873 ad
633 834 746 873 tanta
775 832 955 886 pericula
984 832 1193 872 subeunda
1220 833 1532 884 sexagenarius,
1562 844 1614 871 an
1641 831 1791 883 gloriae
1821 832 1975 885 cupido,
2005 845 2077 885 per
2106 832 2268 884 longum
2296 837 2393 870 tem-

242 923 317 965 pus
347 923 560 965 oppressa,
582 910 634 950 ad
665 894 928 951 aemulandos
953 909 1168 951 Caesarem
1194 908 1504 963 Pompeiumque
1530 922 1622 948 eum
1650 908 1863 948 stimularit
1890 908 2189 959 (Mommsenius
2220 909 2256 957 3,
2274 908 2391 958 322).

242 986 344 1027 Τ11111
362 985 586 1041 Pompeius,
616 986 765 1027 bellum
793 999 873 1026 non
899 985 1070 1040 amplius
1096 966 1247 1025 differri
1277 999 1393 1040 posse
1423 986 1681 1041 perspiciens,
1710 985 1861 1025 auxilia
1888 985 2183 1039 circumspexit.
2234 984 2392 1038 Optime

202 1080 207 1086 ·
240 1062 364 1117 igitur
390 1062 572 1104 Velleius
603 1062 852 1117 Pompeium,
881 1062 922 1102 id
950 1063 1056 1116 quod
1080 1065 1219 1117 postea
1246 1075 1366 1117 saepe
1393 1062 1589 1103 creditum
1618 1066 1701 1112 est,
1729 1062 1887 1117 proprie
1917 1063 1967 1102 ab
1995 1062 2243 1116 optimatium
2273 1060 2393 1116 parti-

241 1140 316 1180 bus
344 1152 421 1179 non
451 1139 610 1180 stetisse
638 1139 812 1193 exponit.
883 1139 998 1179 Idem
1032 1139 1176 1192 conligi
1207 1144 1340 1194 potest
1367 1152 1420 1179 ex
1445 1140 1480 1180 2.
1513 1139 1578 1189 48,
1607 1144 1643 1179 4.
1674 1138 1739 1179 ubi
1774 1139 1872 1178 haec
1897 1139 2105 1191 leguntur:
2146 1137 2214 1179 Ῐιίο
2242 1136 2393 1189 (Curio)

238 1217 379 1272 primo
397 1232 424 1257 a
440 1215 621 1273 Pompei
627 1216 841 1273 partibas,
872 1216 928 1259 id
951 1224 1036 1270 est,
1064 1224 1120 1259 ut
1142 1224 1258 1259 tunc
1282 1216 1576 1270 habebatur,
1598 1232 1693 1273 pro
1719 1214 1986 1273 republica
2013 1222 2055 1255 et
2069 1227 2171 1268 quae
2193 1220 2392 1254 secuntur.

241 1292 396 1341 Quibus
425 1307 503 1334 non
531 1297 741 1348 repugnat,
770 1294 874 1347 quod
904 1295 939 1335 2.
957 1295 1021 1345 62,
1042 1297 1073 1336 1.
1102 1298 1265 1336 senatus
1295 1303 1430 1350 partes
1457 1295 1554 1336 dicit
1573 1294 1846 1350 Pompeianas,
1890 1293 2043 1333 Deinde
2060 1306 2106 1333 eo
2123 1292 2391 1340 confirmatur,

241 1372 346 1423 quod
368 1371 570 1421 Milonem,
598 1371 748 1412 Catone
777 1372 1100 1423 absoluente³²>,
1127 1372 1291 1426 Pompei
1319 1373 1524 1413 uoluntate
1557 1373 1862 1412 condemnatum
1887 1384 1977 1411 esse
2005 1374 2144 1410 narrat
2172 1370 2223 1421 (2.
2241 1370 2305 1419 47,
2326 1370 2391 1419 4.).

240 1446 325 1488 Nec
363 1452 499 1488 tamen
528 1448 625 1489 satis
652 1447 834 1488 Velleius
859 1448 1108 1499 inlustrauit,
1145 1463 1222 1502 quo
1251 1449 1367 1490 modo
1395 1449 1642 1504 optimatium
1668 1455 1804 1503 partes
1835 1446 2046 1502 Pompeius
2076 1445 2393 1488 corroborauerit

241 1524 426 1577 (ΡΘ-161113
459 1526 495 1574 2,
524 1525 642 1576 278.)
702 1524 769 1565 Nil
804 1525 910 1565 enim
949 1526 1000 1566 de
1029 1529 1271 1567 commutata
1297 1527 1590 1581 prouinciarum
1617 1525 2023 1567 administrandarum
2053 1525 2180 1564 forma
2210 1523 2299 1575 (Dio
2326 1525 2391 1570 40,

241 1603 334 1652 56.),
359 1602 416 1641 nil
443 1603 493 1640 de
520 1603 612 1655 lege
640 1603 846 1642 iudiciaria
879 1604 983 1643 dixit
1009 1603 1103 1656 (Cio.
1134 1604 1245 1643 Brut.
1275 1605 1295 1657 ἓ
1324 1605 1440 1655 324.)

374 1679 472 1718 Post
509 1680 758 1719 consulatum
795 1693 892 1719 uero
917 1680 1082 1735 Pompei
1117 1682 1279 1720 tertium
1313 1682 1512 1734 utrimque
1549 1682 1698 1721 bellum
1728 1687 2003 1734 praeparatur.
2057 1680 2232 1718 Primam
2258 1682 2392 1718 autem

241 1758 337 1797 belli
364 1758 563 1796 indioendi
591 1758 836 1797 occasionem
864 1759 1049 1812 praebuit
1073 1759 1305 1808 Marcellus,
1335 1760 1401 1811 qui
1429 1760 1479 1798 de
1507 1771 1738 1798 successore
1770 1758 1939 1800 Caesari
1965 1758 2157 1796 mittendo
2185 1757 2305 1796 etiam
2334 1764 2392 1795 at-

241 1848 318 1887 que
346 1835 467 1874 etiam
497 1835 537 1873 in
568 1834 719 1874 Senatu
746 1836 871 1874 uerba
900 1835 1062 1874 faceret.
1116 1835 1190 1875 0111
1219 1836 1440 1875 sententiae
1468 1835 1643 1875 occurrit
1675 1835 1793 1875 Curio
1823 1835 1940 1888 (App.
1968 1836 2004 1882 2,
2033 1836 2095 1874 27.
2129 1834 2201 1873 Dio
2219 1836 2282 1881 46,
2311 1835 2390 1883 61.)

239 1912 307 1961 113,
333 1916 379 1951 111
405 1916 447 1951 61
465 1912 681 1953 Caesarem
706 1915 748 1951 et
775 1911 1007 1966 Pompeium
1035 1912 1258 1952 exercitum
1288 1913 1487 1952 dimittere
1513 1917 1697 1967 oportere
1723 1921 1917 1953 censeret.
1963 1914 2084 1952 Illum
2105 1919 2239 1952 autem
2261 1912 2391 1965 ipsum

241 1989 452 2029 Curionem
488 1988 670 2027 Velleius
715 1989 811 2027 dicit
854 1966 1207 2041 flagrantissimam
1255 1990 1348 2028 belli
1383 1990 1511 2028 facem
1544 1991 1760 2029 subiecisse
1797 1992 1847 2042 (2.
1877 1991 1941 2037 48,
1971 1992 2037 2040 3.),
2062 2002 2230 2041 eumque
2266 1989 2390 2026 fuisse

240 2067 411 2105 eundem
442 2066 632 2119 deping-it,
658 2079 777 2118 quem
794 2066 869 2105 Dio
895 2068 974 2118 (40,
1004 2068 1055 2107 60
1069 2081 1105 2120 p.
1126 2067 1244 2117 656).
1298 2067 1354 2106 At
1382 2067 1486 2119 quod
1514 2063 1689 2107 dubitari
1718 2068 1823 2117 dicit,
1852 2077 1947 2107 num
1977 2074 2187 2120 corruptus
2214 2066 2266 2105 ad
2295 2066 2392 2105 Cae-

240 2142 341 2183 saris
368 2147 505 2196 partes
531 2142 747 2192 transierit,
774 2142 816 2181 id
845 2155 923 2182 non
950 2142 1025 2182 fuit
1051 2143 1275 2183 uocandum
1303 2143 1344 2182 in
1374 2143 1545 2183 dubium.
1601 2143 1705 2184 Nam
1735 2144 1945 2185 Curionem
1971 2156 2064 2183 aere
2094 2143 2223 2183 alieno
2251 2155 2275 2181 3
2295 2142 2392 2182 036-

239 2231 330 2259 sare
359 2218 572 2258 liberatum
600 2231 689 2258 esse
718 2220 963 2270 constatss).
1021 2218 1150 2259 Recte
1178 2222 1314 2260 autem
1343 2219 1543 2269 Velleius,
1581 2233 1699 2273 quem
1728 2221 1779 2261 ad
1808 2221 1967 2260 modum
1997 2219 2116 2261 Curio
2143 2219 2392 2259 machinatus

238 2295 311 2344 sit,
355 2295 554 2336 describit.
620 2295 725 2336 Nam
752 2295 917 2338 Caesari
945 2296 1024 2337 iam
1052 2296 1212 2337 deditus
1240 2297 1367 2338 multa
1395 2299 1436 2337 61
1460 2296 1501 2337 111
1531 2300 1715 2338 senatum
1744 2301 1786 2338 et
1811 2297 1852 2337 in
1880 2296 2096 2339 Caesarem
2126 2295 2303 2348 rogauit,
2349 2297 2394 2334 ut

240 2385 330 2412 cum
365 2372 435 2413 illa
467 2372 716 2413 reicerentur
751 2373 804 2414 ad
831 2373 947 2413 huius
976 2377 1114 2428 partes
1142 2374 1313 2421 transire
1342 2379 1501 2415 coactus
1530 2374 1737 2415 uideretur
1766 2374 1853 2427 (Dio
1884 2375 1947 2423 40,
1980 2375 2070 2425 61.).
2128 2372 2230 2412 Tum
2258 2377 2392 2413 autem

378 2477 432 2519 ³⁰)
461 2477 600 2510 Crassus
631 2480 742 2510 autem
776 2489 797 2509 a
822 2477 950 2510 Surena
983 2481 1158 2521 superatur
1185 2477 1289 2520 (Plut.
1319 2478 1425 2511 Crass.
1451 2480 1507 2520 21,
1534 2480 1605 2521 6.),
1649 2490 1715 2511 non
1744 2481 1786 2512 ab
1823 2477 1932 2511 Orode
1962 2478 2018 2521 (V.
2046 2479 2079 2509 2.
2102 2478 2159 2517 46,
2185 2476 2234 2519 4.)
2267 2486 2392 2519 suaque

240 2535 339 2579 eulpa
362 2535 397 2567 in
411 2534 590 2578 perniciem
615 2534 764 2568 inruerat
790 2534 1017 2576 (Drumannus
1032 2537 1068 2576 4,
1086 2535 1270 2576 98-101.).
1320 2537 1370 2569 De
1386 2536 1463 2570 Atei
1486 2536 1615 2570 tribuni
1640 2536 1932 2578 exsecrationibus,
1958 2546 2040 2579 quas
2064 2536 2143 2568 iecit
2164 2534 2393 2579 proficiscente

241 2594 361 2629 Crasso
390 2594 460 2637 (42,
483 2594 542 2636 3.),
566 2593 615 2627 1111
636 2593 840 2627 Plutarchus
867 2594 938 2637 (16,
965 2592 1011 2636 3.)
1037 2593 1158 2636 et,Dio
1182 2595 1254 2638 (39,
1280 2594 1350 2637 39.)
1375 2595 1434 2628 cfr.
1461 2594 1527 2628 Cic.
1557 2595 1600 2627 ad
1627 2598 1695 2628 Att.
1723 2597 1755 2628 4.
1785 2596 1839 2637 13,
1869 2597 1901 2628 2.
1951 2595 2029 2627 Non
2057 2593 2195 2627 dubium
2223 2598 2284 2635 est,
2311 2593 2391 2636 quin

242 2651 391 2684 Velleius
416 2655 506 2684 recta
528 2651 725 2683 narrauerit.

383 2710 439 2753 ³¹)
467 2712 607 2751 Septimo
639 2720 725 2742 anno
753 2712 831 2753 post
856 2709 1030 2743 Caesarem
1054 2710 1090 2742 in
1116 2710 1246 2743 Gallias
1269 2711 1454 2754 profectum
1475 2711 1567 2744 Iulia
1593 2712 1630 2744 in
1658 2713 1728 2746 cod.
1754 2714 1918 2746 exstincta
1941 2724 2011 2746 esse
2032 2712 2155 2745 dicitur
2181 2713 2225 2753 (2.
2251 2712 2307 2751 47,
2333 2710 2390 2752 2.).

239 2773 284 2803 At
320 2771 409 2803 Iulia
442 2781 556 2803 mense
587 2770 767 2814 septembri
803 2780 832 2803 a.
858 2772 914 2804 53.
948 2775 1081 2804 mortua
1114 2775 1167 2803 est
1199 2771 1425 2814 (Drumannus
1452 2773 1485 2810 3,
1515 2773 1582 2806 763
1594 2773 1655 2814 ³.)‚
1698 2773 1820 2806 Caesar
1845 2777 1956 2805 autem
1985 2771 2033 2804 Id.
2061 2773 2141 2814 Apr.
2167 2782 2196 2803 a.
2226 2772 2281 2803 58.
2302 2769 2391 2801 diem

238 2828 408 2862 Heluetiis
438 2828 536 2870 dixit,
561 2839 627 2872 qua
653 2828 696 2862 ad
723 2828 832 2872 ipsum
861 2829 1076 2863 conuenirent
1102 2830 1156 2872 (Β.
1177 2830 1219 2865 G.
1251 2832 1284 2865 l.
1307 2832 1338 2873 7,
1357 2831 1377 2864 6
1404 2829 1531 2874 Nipp).
1581 2831 1699 2875 Itaque
1725 2842 1792 2863 non
1812 2835 1931 2873 quarto
1955 2841 2053 2870 anno,
2078 2833 2117 2863 ut
2139 2829 2290 2862 Kritzius
2318 2827 2393 2861 uult

237 2894 316 2935 post
329 2889 561 2932 Laurentium,
589 2889 647 2923 sed
672 2890 791 2933 quinto
816 2892 894 2933 post
921 2891 1109 2934 profectum
1127 2892 1300 2925 Caesarem
1322 2900 1409 2923 anno
1437 2888 1578 2923 decessit
1609 2890 1709 2930 Iulia,
1737 2893 1836 2931 atque
1851 2889 1901 2922 ita
1916 2889 2066 2922 Haasius
2090 2888 2234 2931 scripsit.
2283 2887 2390 2924 Quam

238 2932 414 2984 lectionem
430 2948 460 2981 si
471 2958 586 2984 ueram
600 2958 670 2983 esse
685 2948 876 2991 statuimus,
897 2948 996 2982 ualde
1010 2948 1113 2982 dubia
1128 2949 1166 2981 fit
1182 2948 1294 2982 Kritzi
1305 2946 1431 2989 regula,
1449 2946 1490 2980 de
1504 2947 1671 2990 corruptis
1688 2946 1799 2979 Vellei
1813 2947 1959 2979 numeris
1975 2945 2146 2990 proposita
2170 2944 2392 2985 (XXXXIIQ.

239 3009 359 3042 Vtrum
386 3011 498 3040 autem
524 3018 565 3039 ex
588 3007 636 3040 fili
662 3010 763 3051 partu
787 3017 829 3039 an
850 3018 890 3040 ex
915 3008 1005 3041 filiae
1030 3008 1208 3041 decesserit
1243 3007 1348 3049 (Plut.
1377 3005 1469 3038 Caes.
1496 3006 1553 3047 53,
1577 3008 1612 3041 4.
1638 3006 1704 3038 Dio
1728 3007 1784 3047 39,
1810 3007 1865 3039 64.
1904 3005 2078 3037 Fabricius
2115 3008 2149 3037 et
2173 3003 2325 3036 Sturzius
2349 3002 2391 3034 ad

239 3069 275 3103 h.
300 3069 324 3102 l.
350 3070 383 3109 5,
411 3066 582 3109 244150.)
606 3077 673 3099 11011
697 3077 776 3099 sane
794 3067 911 3109 magni
932 3067 1080 3101 interest.

377 3124 434 3168 Μ)
459 3123 603 3157 Dubitat
621 3123 769 3168 quidem,
792 3135 874 3158 num
899 3125 984 3158 Cato
1002 3136 1096 3159 reum
1118 3136 1196 3158 uere
1221 3123 1404 3157 absoluerit
1428 3123 1592 3156 Asconius
1617 3121 1660 3155 ad
1676 3122 1743 3155 Cic.
1765 3121 1883 3154 Milon.
1901 3122 1945 3154 35
1974 3122 2021 3162 (8,
2038 3123 2052 3152 l
2070 3132 2103 3164 p.
2119 3122 2186 3153 545
2212 3119 2392 3162 Schuetz),

239 3185 301 3218 sed
324 3185 421 3218 nulla
446 3183 623 3216 dubitandi
645 3183 768 3216 idonea
793 3193 910 3217 caussa
933 3188 995 3218 est.

374 3242 430 3286 ³⁸)
462 3242 489 3276 C
515 3242 586 3277 HS.
612 3240 703 3286 apud
727 3241 814 3275 Vell.
842 3244 874 3275 2.
901 3244 959 3284 48,
981 3244 1014 3277 3.
1045 3253 1112 3275 non
1142 3245 1229 3275 recte
1261 3241 1421 3284 scriptum
1445 3251 1516 3274 esse
1542 3243 1640 3285 putat
1666 3240 1877 3272 Drumannus
1903 3239 1935 3279 3,
1960 3238 2105 3278 387³⁸.,
2136 3237 2212 3270 Val.
2241 3238 2331 3271 Max.
2359 3239 2392 3272 9.

230 3305 273 3358 ll,
300 3303 328 3337 6,
358 3300 512 3356 tradente
531 3301 591 3335 Dc
616 3301 693 3335 IIS.
