2709 3576
1237 110 1390 164 ’41

268 223 327 264 ι’·-
361 223 555 264 nomenti
589 224 665 263 hoo
694 223 853 264 bellun
875 223 1014 264 -fu‘nee
1042 224 1231 265 ΨΜ
1257 223 1724 280 emm-‚sumn
1745 225 2058 268 &m
2078 224 2445 271 mm

269 312 374 350 esse,
409 311 490 341 non
525 299 1066 355 commemorat,1aep'dun
1099 300 1302 342 inutilem
1316 301 1476 344 aliene
1504 301 1707 344 m
1732 299 2161 358 offlfflzsslk
2167 301 2280 355 2).·
2277 299 2446 351 Μὴ·

269 377 363 428 fuit,
400 390 475 417 cur
505 390 562 417 ex
591 376 733 430 Africa
760 390 867 417 eum·
881 376 1257 419 adsciuitCaesar?
1302 377 1448 432 Neque
1480 374 1924 431 uomentium,
1940 378 2272 440 mm
2288 377 2445 425 m

268 455 383 496 nulla
419 455 601 495 subsidia
634 455 798 495 attulit.
838 455 964 497 Certe
998 459 1135 496 autem
1160 454 1749 511 macmripnknbsm
1774 461 1886 509 aas,
1919 458 2029 513 qud
2054 456 2301 513 lapidus.
2328 455 2444 497 Pom-

269 530 630 587 peilefflunesad
661 531 892 573 astruxit.
918 531 1308 582 Quossctumest,
1335 527 2446 590 utpostquanineouili‘nacaoemsanperd’n-

271 609 399 658 sedit,
440 609 521 658 illi,
564 609 788 650 excederet
813 608 972 659 Sicilia,
1008 609 1252 650 denumiare
1287 608 1471 651 maeret.
1527 608 1590 652 Rs
1633 610 1674 651 in
1701 622 1748 652 re
1774 610 1874 664 quid
1900 611 2287 654 mandax-noa
2312 611 2443 654 &deo-

270 685 460 727 Nondum
494 685 602 726 enim
636 685 828 740 principis
861 686 994 727 locum
1022 690 1084 739 (ut
1110 685 1269 727 Velleio
1299 686 1464 727 uidetur
1488 687 1526 728 2.
1557 686 1622 737 81,
1657 688 1709 740 1.)
1735 687 1891 730 onear
1915 688 2136 744 ooeupam‘t.
2186 688 2275 731 Sed·
2294 691 2445 739 tamem

270 766 317 804 ut
342 764 395 804 ab
422 763 658 804 adusi-auio
684 763 940 813 Rheni-etur,
968 764 1149 817 legiones
1163 763 1307 818 Lepidi
1333 776 1359 805 a
1385 763 1489 805 duce
1515 763 1744 806 distrahere
1769 764 1988 807 constituit.
2047 765 2168 814 Quod
2183 765 2220 807 si
2233 764 2446 822 itaperpe·

271 844 424 882 &asset
450 840 517 893 (V.
546 841 583 882 2.
610 840 676 891 80,
703 841 741 883 3.
768 842 837 892 4.),
864 844 923 891 ut,
950 841 1114 882 inermis
1141 841 1227 881 sine
1255 841 1466 883 omnitibus
1491 844 1627 884 castra
1653 841 1876 896 ingressus,
1901 842 2098 892 nolentes,
2125 843 2199 884 sed
2225 845 2342 885 tanta
2365 842 2445 885 uir·-

271 920 359 958 tute
386 917 578 958 attonitos
605 929 743 958 secum
771 917 960 959 duceret:
995 916 1361 973 imprudentissime
1386 929 1486 959 sane
1513 917 1687 960 fecisset.
1746 919 1804 960 At
1829 917 2004 970 Caesar,
2031 920 2067 960 si
2093 932 2174 961 non
2198 930 2298 961 uere
2325 931 2447 977 peen-

271 994 339 1035 nia
366 994 514 1035 multos
542 994 691 1035 milites
718 994 794 1035 sibi
821 994 982 1036 deditos
1011 995 1247 1036 reddiderat
1273 994 1393 1050 (App.
1423 996 1461 1036 5.
1494 995 1556 1046 12,
1582 996 1609 1037 5
1637 1009 1676 1050 p.
1706 995 1836 1048 872),
1868 998 1981 1052 certe
2008 996 2158 1038 multos
2184 996 2261 1038 sibi
2285 997 2446 1047 deditos

273 1085 365 1111 esse
401 1071 565 1112 sciebat.
616 1071 773 1111 Deinde
807 1085 888 1113 non
914 1072 1081 1113 inermis
1107 1074 1241 1113 castra
1268 1071 1440 1122 introiit,
1476 1073 1551 1113 sed
1580 1072 1704 1114 lorica
1730 1074 1954 1128 prudenter
1980 1072 2146 1115 indutus
2173 1059 2294 1129 (App.
2328 1074 2444 1126 ma).

273 1149 466 1190 Attamen
504 1148 573 1190 ubi
606 1148 756 1190 milites
781 1147 937 1204 Lepido
964 1150 1035 1191 fidi
1061 1150 1345 1200 adcurrerent,
1385 1149 1509 1191 celeri
1537 1149 1637 1203 fuga
1655 1163 1701 1191 se
1729 1162 1896 1192 seruare
1922 1162 2002 1192 non
2029 1149 2230 1193 dubitauit
2255 1150 2376 1207 (App.
2405 1151 2445 1193 d.

273 1227 348 1267 Dio
362 1228 428 1277 49,
460 1228 548 1278 ¹2).
607 1226 710 1268 Tota
735 1226 866 1280 igitur,
887 1228 990 1269 mc
1017 1241 1083 1268 nes
1111 1228 1370 1282 prudentius,
1402 1240 1522 1281 quem
1541 1224 1725 1269 Velleius
1752 1227 1941 1278 tradidit,
1969 1231 2089 1281 gesta
2115 1232 2192 1280 est,
2216 1240 2446 1283 quanquam

273 1304 516 1346 fortitudinis
551 1304 763 1345 Octauiani
795 1318 875 1345 non
912 1305 1005 1349 leue
1047 1310 1111 1346 est
1143 1305 1378 1359 exemplum
1420 1297 1643 1358 (Hoeekius
1671 1305 1751 1346 422
1765 1306 1836 1357 ².),
1877 1317 2006 1359 eaque
2041 1304 2208 1348 Caesari
2243 1318 2322 1347 non
2359 1307 2445 1347 tam

273 1386 440 1434 propter
474 1382 665 1421 uirtutem
699 1382 826 1436 ipsius
857 1395 981 1435 quam
1015 1385 1178 1437 propter
1201 1381 1345 1436 Lepidi
1373 1382 1558 1423 inertiam
1584 1383 1687 1423 bene
1715 1382 1839 1423 cessit
1868 1383 1987 1438 (App.
2022 1383 2139 1435 126..)
2195 1382 2281 1424 Neo
2309 1385 2446 1425 tamen

273 1457 338 1497 hic
370 1457 553 1514 supplex
582 1458 770 1515 podibus
802 1458 984 1502 oanan-22⁹
1019 1457 1246 1501 aduolutus
1275 1466 1340 1500 est
1376 1457 1442 1511 (V.
1466 1459 1502 1499 2.
1536 1458 1600 1508 80,
1627 1459 1694 1510 4.).
1750 1458 1904 1501 Caesar
1940 1459 2047 1500 enim
2082 1458 2297 1501 honorifice
2326 1471 2446 1500 exee-

278 1539 392 1589 ptum
413 1534 586 1575 Romam
615 1535 725 1576 misit
752 1536 873 1590 (App.
904 1537 929 1576 l.
959 1538 1021 1587 c.).

1296 1683 1435 1726 xxn.

412 1783 577 1824 Interea
608 1783 808 1824 Antonius
837 1784 989 1825 bellum
1015 1797 1104 1825 cum
1133 1783 1293 1825 Parthis
1320 1783 1535 1825 infeliciter
1562 1784 1710 1838 gessit,
1746 1784 1804 1825 ita
1830 1786 1978 1834 tamen,
2001 1786 2048 1825 ut
2074 1784 2219 1824 ducem
2244 1795 2288 1824 se
2316 1783 2446 1837 qualis

274 1863 384 1902 esset
411 1860 664 1916 praestitisse
693 1861 883 1903 uideatur
912 1861 1033 1916 (Plut.
1062 1863 1153 1903 Ant.
1181 1863 1247 1913 42,
1274 1863 1306 1903 1.
1336 1863 1401 1914 43,
1443 1864 1473 1904 l.
1504 1863 1569 1913 46,
1603 1864 1636 1903 1.
1667 1861 1813 1903 Florus
1842 1862 1879 1904 2.
1911 1863 1977 1913 20,
2004 1855 2087 1914 7.).Ι
2125 1860 2267 1916 Neque
2298 1865 2446 1912 tamen,

273 1939 315 1979 id
343 1939 449 1992 quod
478 1938 662 1980 velleius
696 1939 823 1981 tradit
850 1941 901 1993 (2.
930 1939 994 1990 82,
1025 1941 1090 1991 3.),
1117 1940 1254 1993 fugam
1283 1952 1376 1981 eum
1403 1940 1613 1982 uietofiam
1641 1939 1870 1995 adpellasse
1899 1940 1981 1982 uuo
2002 1940 2121 1982 modo
2142 1920 2312 1980 'constat
2367 1939 2448 1980 Im-

273 2019 437 2071 perator
464 2016 572 2056 enim
599 2017 800 2057 salutatus
829 2019 904 2066 est,
932 2020 1141 2071 postquam
1168 2017 1298 2071 prima
1324 2029 1462 2071 pugna
1489 2016 1662 2058 Parthos
1689 2017 1794 2057 mdit
1820 2015 1943 2070 (Plut.
1966 2005 2064 2058 Ant.
2093 2016 2158 2066 39,
2184 2017 2221 2057 4.
2250 2017 2317 2068 5.).
2373 2015 2448 2056 Po-

274 2093 442 2134 steriore
476 2107 573 2134 uero
601 2096 783 2148 tempore
814 2094 847 2134 si
875 2107 973 2134 uere
1001 2093 1191 2135 uictorem
1219 2108 1264 2134 se
1292 2094 1509 2147 gessisset,
1540 2093 1714 2149 epistula
1740 2091 1810 2134 illa
1841 2091 2073 2143 Octauiani,
2109 2104 2189 2147 qua
2216 2106 2260 2133 se
2290 2092 2449 2134 calami-

274 2174 400 2210 tatem
428 2170 544 2211 istius
568 2170 706 2211 dolere
736 2170 910 2225 scripsit,
937 2171 1044 2211 ultro
1072 2175 1113 2212 et
1138 2171 1249 2212 nulla
1277 2174 1468 2212 exstante
1494 2183 1639 2212 caussa
1659 2170 1842 2212 irritatus
1869 2173 1989 2211 esset.
2054 2169 2151 2225 Post
2180 2170 2332 2211 bellum
2351 2182 2450 2211 uero

274 2245 520 2297 Parthicum,
550 2261 653 2301 quae
683 2248 841 2288 duobus
869 2246 968 2288 uiris
1005 2247 1098 2288 belli
1127 2248 1346 2289 renouandi
1375 2259 1543 2288 caussae
1573 2246 1745 2297 fuerint,
1772 2257 1940 2301 prorsus
1970 2245 2154 2287 Velleius
2182 2245 2348 2297 omittit,
2376 2246 2449 2286 sed

219 2323 222 2324 ⁷
275 2325 523 2366 debellatum
561 2338 653 2367 esse
682 2326 733 2367 ad
763 2325 926 2367 Aetium
955 2326 1011 2366 ita
1039 2329 1175 2367 narrat
1197 2326 1277 2379 (84,
1313 2327 1381 2377 1,),
1412 2329 1457 2365 ut
1484 2324 1662 2366 maxime
1691 2329 2003 2365 consentaneum
2030 2324 2130 2364 illud
2159 2323 2284 2364 fuisse
2313 2322 2449 2364 uidea-

274 2407 342 2444 tur
377 2416 468 2444 esse
509 2403 739 2444 arbitratus.
792 2403 898 2444 Nam
934 2404 1041 2457 quod
1072 2404 1288 2444 Antonium
1324 2409 1533 2443 crescente
1572 2403 1613 2442 in
1655 2402 1743 2442 dies
1772 2402 2012 2456 Cleopatrae
2040 2415 2175 2442 amore
2205 2402 2354 2458 bellum
2379 2414 2448 2456 pa-

273 2481 375 2521 triae
411 2481 562 2520 inferre
590 2480 687 2521 dicit
716 2480 971 2526 constituisse
1000 2481 1051 2533 (2.
1081 2481 1144 2530 82,
1176 2482 1251 2532 4.),
1284 2481 1325 2520 id
1359 2493 1413 2519 ex
1440 2483 1556 2534 parte
1588 2482 1746 2519 tantum
1774 2479 1892 2518 modo
1920 2492 2063 2518 uerum
2091 2483 2164 2518 est.
2220 2478 2316 2519 Fuit
2342 2479 2449 2518 enim

274 2571 328 2600 ex
366 2565 536 2612 utraque
573 2561 689 2614 parte
726 2572 801 2613 par
838 2558 901 2598 ius
928 2557 1149 2612 iniuriaque
1166 2560 1240 2610 ⁵⁸).
1298 2557 1380 2599 Sed
1412 2556 1670 2606 Octauianus,
1702 2569 1726 2597 a
1752 2555 1864 2597 Sosio
1894 2555 2057 2596 consule
2094 2556 2294 2606 incitatus,
2325 2556 2448 2597 Anto-

273 2636 382 2676 nium
430 2637 470 2677 in
520 2636 672 2677 Senatu
717 2636 925 2677 accusauit
969 2638 1111 2689 atque,
1151 2640 1195 2676 ut
1231 2635 1383 2677 bellum
1417 2634 1657 2689 Cleopatrae
1693 2633 1958 2683 indiceretur,
1999 2633 2232 2689 impetrauit
2255 2632 2355 2686 '(Dio
2383 2635 2448 2684 50,

273 2716 337 2766 2.).
396 2714 617 2768 Vtriusque
649 2722 785 2755 autem
819 2714 947 2769 partis
988 2714 1191 2752 exercitus
1230 2714 1301 2752 uix
1331 2713 1435 2752 iuste
1458 2726 1482 2752 a
1501 2712 1659 2752 Velleio
1685 2711 1977 2752 describuntur.
2033 2711 2230 2757 Quamuis
2258 2710 2363 2751 enim
2391 2711 2449 2753 fa-

273 2793 348 2833 cile
377 2793 542 2846 largiar,
572 2794 745 2833 classem
760 2792 972 2833 Octauiani
1000 2791 1171 2832 Antonio
1202 2791 1451 2847 superiorem
1478 2788 1615 2840 fuisse,
1637 2792 1684 2830 ut
1710 2789 1799 2831 iam*
1815 2792 1909 2831 ante
1926 2801 2104 2843 pugnam
2119 2788 2325 2830 uictoriam
2340 2789 2449 2845 apud

274 2879 364 2911 eam
393 2870 518 2910 fuisse
547 2869 626 2910 dici
649 2872 788 2924 posset
818 2870 898 2922 (84,
928 2870 964 2910 2.
994 2869 1065 2908 cfr.
1091 2869 1162 2908 Dio
1191 2870 1256 2919 50,
1290 2870 1335 2908 11
1368 2882 1404 2923 p.
1436 2867 1525 2908 782.
1555 2869 1602 2907 14
1632 2881 1668 2922 p.
1697 2867 1786 2907 790.
1808 2866 2065 2906 Drumannus
2098 2868 2130 2915 1,
2153 2868 2231 2907 475
2247 2868 2342 2918 ⁸⁵0:
2389 2870 2449 2907 ta-

272 2960 366 2986 men
394 2947 435 2985 id
462 2948 569 2987 male
596 2947 787 2994 concinit,
825 2947 933 2999 quod
966 2946 1098 2985 omnia
1126 2947 1232 2999 apud
1261 2945 1480 2986 Antonium
1510 2944 1690 2985 marcida
1717 2943 1842 2984 fuisse
1873 2943 1970 2984 dicit
1998 2943 2087 2995 (84,
2116 2943 2192 2994 2.),
2241 2957 2331 2984 cum
2361 2944 2448 2998 ipse

272 3025 420 3065 deinde
456 3024 673 3065 fortissime
711 3024 778 3063 uel
814 3024 900 3064 sine
940 3023 1114 3064 Antonio
1152 3023 1324 3064 classem
1361 3022 1606 3077 pugnauisse
1640 3023 1779 3062 narret
1804 3020 1888 3077 (85,
1915 3020 1952 3063 3.
1984 3020 2054 3062 ofin
2086 3018 2161 3062 Dio
2188 3020 2251 3062 50.
2274 3020 2358 3072 34.)
2372 3021 2447 3071 ³⁴).

417 3151 471 3189 ⁵⁸)
500 3149 626 3182 Mirum
649 3154 711 3189 est,
737 3149 826 3192 quod
856 3149 1012 3189 iniuriae,
1038 3159 1122 3191 quae
1148 3149 1310 3182 Octauiae
1336 3150 1379 3181 ab
1406 3147 1555 3181 Antonio
1581 3147 1689 3180 sactae
1714 3150 1803 3189 sunt,
1828 3157 1993 3190 nusquam
2014 3150 2325 3180 commemorentur.
2362 3145 2449 3178 Con-

272 3214 326 3243 tra
351 3220 371 3242 a
399 3209 540 3243 Caesare
565 3208 694 3241 Antoni
720 3212 971 3255 testamcutum,
996 3206 1086 3251 apud
1114 3207 1267 3241 Vestales
1295 3205 1487 3251 depositum
1512 3208 1660 3250 raptum,
1685 3204 1929 3249 recitatumque
1951 3214 2035 3249 esse,
2058 3204 2240 3250 prudenter
2265 3203 2448 3238 omittitur.

415 3268 470 3310 ⁵⁴)
503 3267 554 3301 De
580 3266 648 3310 eis,
674 3268 731 3311 qui
756 3267 791 3300 in
816 3277 930 3312 pugna
956 3267 1093 3300 Actiaca
1117 3267 1281 3301 elassibus
1307 3265 1463 3309 utrinque
1488 3264 1649 3310 praefecti
1677 3264 1815 3307 fuerint,
1838 3264 1934 3298 uarie
1960 3264 2109 3299 traditur
2131 3274 2152 3297 a
2176 3263 2310 3297 Velleio
2334 3263 2391 3305 85,
2416 3262 2448 3295 2.

271 3331 305 3360 et
332 3337 351 3359 a
375 3326 562 3361 Plutarcho
588 3328 668 3359 Ant.
696 3328 752 3366 65,
782 3329 810 3360 1.
838 3329 870 3359 2.
921 3328 971 3359 Ae
1002 3326 1147 3369 primum
1179 3326 1315 3369 quidem
1348 3335 1414 3358 non
1451 3328 1539 3357 recte
1574 3324 1712 3357 uidetur
1743 3325 1898 3358 dubitare
1924 3323 2094 3369 Sa‘uppius
2123 3325 2219 3363 163„
2256 3332 2335 3355 num
2373 3332 2451 3354 uere
